%% This BibTeX bibliography file was created using BibDesk.
%% http://bibdesk.sourceforge.net/


%% Created for Chris Burns at 2010-07-27 16:41:02 -0700 


%% Saved with string encoding Unicode (UTF-8) 



@inproceedings{Cleveland1991,
	Author = {{Cleveland}, W.~S. and {Grosse}, E. and {Shyu}, W.~M.},
	Booktitle = {Statistical Models in S},
	Chapter = {8},
	Date-Added = {2010-07-27 14:11:09 -0700},
	Date-Modified = {2010-07-27 16:40:40 -0700},
	Editor = {{Chambers}, J.~M. and {Hastie}, T.~J.},
	Publisher = {Pacific Grove:  Wadsworth \& Brooks},
	Year = {1991}}

@article{2004AJ....128.2239P,
	Adsnote = {Provided by the SAO/NASA Astrophysics Data System},
	Adsurl = {http://adsabs.harvard.edu/abs/2004AJ....128.2239P},
	Author = {{Persson}, S.~E. and {Madore}, B.~F. and {Krzemi{\'n}ski}, W. and {Freedman}, W.~L. and {Roth}, M. and {Murphy}, D.~C.},
	Date-Added = {2010-07-27 14:07:10 -0700},
	Date-Modified = {2010-07-27 14:07:10 -0700},
	Doi = {10.1086/424934},
	Journal = {\aj},
	Keywords = {Stars: Variables: Cepheids, Cosmology: Distance Scale, Galaxies: Magellanic Clouds, Stars: Oscillations},
	Month = nov,
	Pages = {2239-2264},
	Title = {{New Cepheid Period-Luminosity Relations for the Large Magellanic Cloud: 92 Near-Infrared Light Curves}},
	Volume = 128,
	Year = 2004,
	Bdsk-Url-1 = {http://dx.doi.org/10.1086/424934}}

@article{2009ApJ...704..629M,
	Adsnote = {Provided by the SAO/NASA Astrophysics Data System},
	Adsurl = {http://adsabs.harvard.edu/abs/2009ApJ...704..629M},
	Archiveprefix = {arXiv},
	Author = {{Mandel}, K.~S. and {Wood-Vasey}, W.~M. and {Friedman}, A.~S. and {Kirshner}, R.~P.},
	Date-Added = {2010-07-02 15:16:12 -0700},
	Date-Modified = {2010-07-02 15:16:12 -0700},
	Doi = {10.1088/0004-637X/704/1/629},
	Eprint = {0908.0536},
	Journal = {\apj},
	Keywords = {distance scale, supernovae: general},
	Month = oct,
	Pages = {629-651},
	Title = {{Type Ia Supernova Light-Curve Inference: Hierarchical Bayesian Analysis in the Near-Infrared}},
	Volume = 704,
	Year = 2009,
	Bdsk-Url-1 = {http://dx.doi.org/10.1088/0004-637X/704/1/629}}

@inbook{TullyAtlas,
	Author = {{Tully}, R.~B.},
	Date-Added = {2010-07-02 14:45:28 -0700},
	Date-Modified = {2010-07-02 14:58:03 -0700},
	Publisher = {Cambridge University Press},
	Title = {Nearby Galaxies Catalog},
	Year = {1988}}

@article{2008ApJ...686.1523T,
	Adsnote = {Provided by the SAO/NASA Astrophysics Data System},
	Adsurl = {http://adsabs.harvard.edu/abs/2008ApJ...686.1523T},
	Author = {{Tully}, R.~B. and {Shaya}, E.~J. and {Karachentsev}, I.~D. and {Courtois}, H.~M. and {Kocevski}, D.~D. and {Rizzi}, L. and {Peel}, A.},
	Date-Added = {2010-07-02 14:00:30 -0700},
	Date-Modified = {2010-07-02 14:00:30 -0700},
	Doi = {10.1086/591904},
	Journal = {\apj},
	Keywords = {Errata, Addenda},
	Month = oct,
	Pages = {1523-1523},
	Title = {{Erratum: ``Our Peculiar Motion Away from the Local Void'' (<A href=''/abs/2008ApJ...676..184T''>ApJ, 676, 184 [2008]</A>)}},
	Volume = 686,
	Year = 2008,
	Bdsk-Url-1 = {http://dx.doi.org/10.1086/591904}}

@article{2009ApJ...699..539R,
	Adsnote = {Provided by the SAO/NASA Astrophysics Data System},
	Adsurl = {http://adsabs.harvard.edu/abs/2009ApJ...699..539R},
	Archiveprefix = {arXiv},
	Author = {{Riess}, A.~G. and {Macri}, L. and {Casertano}, S. and {Sosey}, M. and {Lampeitl}, H. and {Ferguson}, H.~C. and {Filippenko}, A.~V. and {Jha}, S.~W. and {Li}, W. and {Chornock}, R. and {Sarkar}, D.},
	Date-Added = {2010-07-02 10:49:15 -0700},
	Date-Modified = {2010-07-02 10:49:15 -0700},
	Doi = {10.1088/0004-637X/699/1/539},
	Eprint = {0905.0695},
	Journal = {\apj},
	Keywords = {cosmology: observations, distance scale, galaxies: distances and redshifts, supernovae: general},
	Month = jul,
	Pages = {539-563},
	Title = {{A Redetermination of the Hubble Constant with the Hubble Space Telescope from a Differential Distance Ladder}},
	Volume = 699,
	Year = 2009,
	Bdsk-Url-1 = {http://dx.doi.org/10.1088/0004-637X/699/1/539}}

@inbook{1963bad..book..204J,
	Adsnote = {Provided by the SAO/NASA Astrophysics Data System},
	Adsurl = {http://adsabs.harvard.edu/abs/1963bad..book..204J},
	Author = {{Johnson}, H.~L.},
	Booktitle = {Basic Astronomical Data: Stars and Stellar Systems},
	Date-Added = {2010-06-28 16:27:18 -0700},
	Date-Modified = {2010-07-23 16:18:29 -0700},
	Pages = {204},
	Publisher = {the University of Chicago Press},
	Title = {{Photometric Systems}},
	Year = 1963}

@article{2010arXiv1005.4687L,
	Adsnote = {Provided by the SAO/NASA Astrophysics Data System},
	Adsurl = {http://adsabs.harvard.edu/abs/2010arXiv1005.4687L},
	Archiveprefix = {arXiv},
	Author = {{Lampeitl}, H. and {Smith}, M. and {Nichol}, R.~C. and {Bassett}, B. and {Cinabro}, D. and {Dilday}, B. and {Foley}, R.~J. and {Frieman}, J.~A. and {Garnavich}, P.~M. and {Goobar}, A. and {Im}, M. and {Jha}, S.~W. and {Marriner}, J. and {Miquel}, R. and {Nordin}, J. and {{\"O}stman}, L. and {Riess}, A.~G. and {Sako}, M. and {Schneider}, D.~P. and {Sollerman}, J. and {Stritzinger}, M.},
	Date-Added = {2010-06-28 13:07:15 -0700},
	Date-Modified = {2010-06-28 13:07:15 -0700},
	Eprint = {1005.4687},
	Journal = {ArXiv e-prints},
	Keywords = {Astrophysics - Cosmology and Extragalactic Astrophysics},
	Month = may,
	Title = {{The Effect of Host Galaxies on Type Ia Supernovae in the SDSS-II Supernova Survey}},
	Year = 2010}

@article{2010MNRAS.tmp..755S,
	Adsnote = {Provided by the SAO/NASA Astrophysics Data System},
	Adsurl = {http://adsabs.harvard.edu/abs/2010MNRAS.tmp..755S},
	Archiveprefix = {arXiv},
	Author = {{Sullivan}, M. and {Conley}, A. and {Howell}, D.~A. and {Neill}, J.~D. and {Astier}, P. and {Balland}, C. and {Basa}, S. and {Carlberg}, R.~G. and {Fouchez}, D. and {Guy}, J. and {Hardin}, D. and {Hook}, I.~M. and {Pain}, R. and {Palanque-Delabrouille}, N. and {Perrett}, K.~M. and {Pritchet}, C.~J. and {Regnault}, N. and {Rich}, J. and {Ruhlmann-Kleider}, V. and {Baumont}, S. and {Hsiao}, E. and {Kronborg}, T. and {Lidman}, C. and {Perlmutter}, S. and {Walker}, E.~S.},
	Date-Added = {2010-06-28 13:02:46 -0700},
	Date-Modified = {2010-06-28 13:02:46 -0700},
	Doi = {10.1111/j.1365-2966.2010.16731.x},
	Eprint = {1003.5119},
	Journal = {\mnras},
	Keywords = {supernovae: general, cosmology: observations, distance scale},
	Month = may,
	Pages = {755-+},
	Title = {{The dependence of Type Ia Supernovae luminosities on their host galaxies}},
	Year = 2010,
	Bdsk-Url-1 = {http://dx.doi.org/10.1111/j.1365-2966.2010.16731.x}}

@inproceedings{2009RMxAC..35R.317P,
	Adsnote = {Provided by the SAO/NASA Astrophysics Data System},
	Adsurl = {http://adsabs.harvard.edu/abs/2009RMxAC..35R.317P},
	Author = {{Pignata}, G. and {Maza}, J. and {Hamuy}, M. and {Antezana}, R. and {Gonzales}, L.},
	Booktitle = {Revista Mexicana de Astronomia y Astrofisica Conference Series},
	Date-Added = {2010-06-28 12:09:29 -0700},
	Date-Modified = {2010-07-23 16:18:54 -0700},
	Month = may,
	Pages = {317},
	Series = {Revista Mexicana de Astronomia y Astrofisica, vol. 27},
	Title = {{The CHilean Automatic Supernova sEarch (CHASE)}},
	Volume = 35,
	Year = 2009}

@article{2002AJ....124.2100S,
	Adsnote = {Provided by the SAO/NASA Astrophysics Data System},
	Adsurl = {http://adsabs.harvard.edu/abs/2002AJ....124.2100S},
	Author = {{Stritzinger}, M. and {Hamuy}, M. and {Suntzeff}, N.~B. and {Smith}, R.~C. and {Phillips}, M.~M. and {Maza}, J. and {Strolger}, {L.-G.} and {Antezana}, R. and {Gonz{\'a}lez}, L. and {Wischnjewsky}, M. and {Candia}, P. and {Espinoza}, J. and {Gonz{\'a}lez}, D. and {Stubbs}, C. and {Becker}, A.~C. and {Rubenstein}, E.~P. and {Galaz}, G.},
	Date-Added = {2010-06-28 11:29:19 -0700},
	Date-Modified = {2010-06-28 11:29:19 -0700},
	Doi = {10.1086/342544},
	Eprint = {arXiv:astro-ph/0206438},
	Journal = {\aj},
	Keywords = {Stars: Supernovae: Individual: Alphanumeric: SN 1999ee, Stars: Supernovae: Individual: Alphanumeric: SN 1999ex, Techniques: Photometric},
	Month = oct,
	Pages = {2100-2117},
	Title = {{Optical Photometry of the Type Ia Supernova 1999ee and the Type Ib/c Supernova 1999ex in IC 5179}},
	Volume = 124,
	Year = 2002,
	Bdsk-Url-1 = {http://dx.doi.org/10.1086/342544}}

@article{2005A&A...443..781G,
	Adsnote = {Provided by the SAO/NASA Astrophysics Data System},
	Adsurl = {http://adsabs.harvard.edu/abs/2005A%26A...443..781G},
	Author = {{Guy}, J. and {Astier}, P. and {Nobili}, S. and {Regnault}, N. and {Pain}, R.},
	Date-Added = {2010-05-14 09:23:23 -0700},
	Date-Modified = {2010-05-14 09:23:23 -0700},
	Doi = {10.1051/0004-6361:20053025},
	Eprint = {arXiv:astro-ph/0506583},
	Journal = {\aap},
	Keywords = {supernovae: general, cosmology: observations},
	Month = dec,
	Pages = {781-791},
	Title = {{SALT: a spectral adaptive light curve template for type Ia supernovae}},
	Volume = 443,
	Year = 2005,
	Bdsk-Url-1 = {http://dx.doi.org/10.1051/0004-6361:20053025}}

@article{2010AJ....139..519C,
	Adsnote = {Provided by the SAO/NASA Astrophysics Data System},
	Adsurl = {http://adsabs.harvard.edu/abs/2010AJ....139..519C},
	Archiveprefix = {arXiv},
	Author = {{Contreras}, C. and {Hamuy}, M. and {Phillips}, M.~M. and {Folatelli}, G. and {Suntzeff}, N.~B. and {Persson}, S.~E. and {Stritzinger}, M. and {Boldt}, L. and {Gonz{\'a}lez}, S. and {Krzeminski}, W. and {Morrell}, N. and {Roth}, M. and {Salgado}, F. and {Jos{\'e} Maureira}, M. and {Burns}, C.~R. and {Freedman}, W.~L. and {Madore}, B.~F. and {Murphy}, D. and {Wyatt}, P. and {Li}, W. and {Filippenko}, A.~V.},
	Date-Added = {2010-05-13 14:46:46 -0700},
	Date-Modified = {2010-05-13 14:46:46 -0700},
	Doi = {10.1088/0004-6256/139/2/519},
	Eprint = {0910.3330},
	Journal = {\aj},
	Keywords = {galaxies: distances and redshifts, supernovae: general},
	Month = feb,
	Pages = {519-539},
	Title = {{The Carnegie Supernova Project: First Photometry Data Release of Low-Redshift Type Ia Supernovae}},
	Volume = 139,
	Year = 2010,
	Bdsk-Url-1 = {http://dx.doi.org/10.1088/0004-6256/139/2/519}}

@article{FreedmanMadore2010,
	Author = {{Freedman}, W.~L. \& {Madore}, B.~F.},
	Date-Added = {2010-05-11 16:19:38 -0700},
	Date-Modified = {2010-05-12 16:49:00 -0700},
	Journal = {\araa},
	Pages = {in press},
	Title = {The Hubble Constant},
	Volume = {48},
	Year = {2010}}

@article{Stritzinger2010,
	Author = {{Stritzinger}, M.~D., {et al.}},
	Date-Added = {2010-05-11 15:31:58 -0700},
	Date-Modified = {2010-07-23 16:17:32 -0700},
	Journal = {\aj},
	Title = {Fornax A Paper},
	Volume = {In press},
	Year = {2010}}

@article{DurbinWatson,
	Author = {{Durbin}, J. and {Watson}, G.~S.},
	Date-Added = {2010-05-07 15:29:36 -0700},
	Date-Modified = {2010-05-07 15:30:47 -0700},
	Journal = {Biometrika},
	Pages = {409-428},
	Title = {Testing for Serial Correlation in Least Squares Regression. I},
	Volume = {37},
	Year = {1951}}

@article{1987RenKa,
	Author = {{Renka}, R.~J.},
	Date-Added = {2010-05-07 10:57:11 -0700},
	Date-Modified = {2010-05-13 14:45:36 -0700},
	Journal = {SIAM J. Sci. Stat. Comput.},
	Month = {May},
	Number = {3},
	Pages = {393-415},
	Title = {Interpolatory Tension Splines with Automatic Selection of Tension Factors},
	Volume = {8},
	Year = {1987}}

@article{1993ApJ...413L.105P,
	Adsnote = {Provided by the SAO/NASA Astrophysics Data System},
	Adsurl = {http://adsabs.harvard.edu/abs/1993ApJ...413L.105P},
	Author = {{Phillips}, M.~M.},
	Date-Added = {2010-05-07 10:19:16 -0700},
	Date-Modified = {2010-05-07 10:19:16 -0700},
	Doi = {10.1086/186970},
	Journal = {\apjl},
	Keywords = {LIGHT CURVE, STELLAR MAGNITUDE, SUPERNOVAE, WHITE DWARF STARS, ASTRONOMICAL PHOTOMETRY, BRIGHTNESS DISTRIBUTION, STELLAR LUMINOSITY},
	Month = aug,
	Pages = {L105-L108},
	Title = {{The absolute magnitudes of Type IA supernovae}},
	Volume = 413,
	Year = 1993,
	Bdsk-Url-1 = {http://dx.doi.org/10.1086/186970}}

@article{2007A&A...466...11G,
	Adsnote = {Provided by the SAO/NASA Astrophysics Data System},
	Adsurl = {http://adsabs.harvard.edu/abs/2007A%26A...466...11G},
	Author = {{Guy}, J. and {Astier}, P. and {Baumont}, S. and {Hardin}, D. and {Pain}, R. and {Regnault}, N. and {Basa}, S. and {Carlberg}, R.~G. and {Conley}, A. and {Fabbro}, S. and {Fouchez}, D. and {Hook}, I.~M. and {Howell}, D.~A. and {Perrett}, K. and {Pritchet}, C.~J. and {Rich}, J. and {Sullivan}, M. and {Antilogus}, P. and {Aubourg}, E. and {Bazin}, G. and {Bronder}, J. and {Filiol}, M. and {Palanque-Delabrouille}, N. and {Ripoche}, P. and {Ruhlmann-Kleider}, V.},
	Date-Added = {2010-05-07 10:03:08 -0700},
	Date-Modified = {2010-05-07 10:03:08 -0700},
	Doi = {10.1051/0004-6361:20066930},
	Eprint = {arXiv:astro-ph/0701828},
	Journal = {\aap},
	Keywords = {supernovae: general, cosmology: observations},
	Month = apr,
	Pages = {11-21},
	Title = {{SALT2: using distant supernovae to improve the use of type Ia supernovae as distance indicators}},
	Volume = 466,
	Year = 2007,
	Bdsk-Url-1 = {http://dx.doi.org/10.1051/0004-6361:20066930}}

@article{2009ApJS..185...32K,
	Adsnote = {Provided by the SAO/NASA Astrophysics Data System},
	Adsurl = {http://adsabs.harvard.edu/abs/2009ApJS..185...32K},
	Archiveprefix = {arXiv},
	Author = {{Kessler}, R. and {Becker}, A.~C. and {Cinabro}, D. and {Vanderplas}, J. and {Frieman}, J.~A. and {Marriner}, J. and {Davis}, T.~M. and {Dilday}, B. and {Holtzman}, J. and {Jha}, S.~W. and {Lampeitl}, H. and {Sako}, M. and {Smith}, M. and {Zheng}, C. and {Nichol}, R.~C. and {Bassett}, B. and {Bender}, R. and {Depoy}, D.~L. and {Doi}, M. and {Elson}, E. and {Filippenko}, A.~V. and {Foley}, R.~J. and {Garnavich}, P.~M. and {Hopp}, U. and {Ihara}, Y. and {Ketzeback}, W. and {Kollatschny}, W. and {Konishi}, K. and {Marshall}, J.~L. and {McMillan}, R.~J. and {Miknaitis}, G. and {Morokuma}, T. and {M{\"o}rtsell}, E. and {Pan}, K. and {Prieto}, J.~L. and {Richmond}, M.~W. and {Riess}, A.~G. and {Romani}, R. and {Schneider}, D.~P. and {Sollerman}, J. and {Takanashi}, N. and {Tokita}, K. and {van der Heyden}, K. and {Wheeler}, J.~C. and {Yasuda}, N. and {York}, D.},
	Date-Added = {2010-05-06 13:49:03 -0700},
	Date-Modified = {2010-05-06 13:49:03 -0700},
	Doi = {10.1088/0067-0049/185/1/32},
	Eprint = {0908.4274},
	Journal = {\apjs},
	Keywords = {cosmological parameters, cosmology: observations, distance scale, methods: data analysis, supernovae: general, surveys},
	Month = nov,
	Pages = {32-84},
	Title = {{First-Year Sloan Digital Sky Survey-II Supernova Results: Hubble Diagram and Cosmological Parameters}},
	Volume = 185,
	Year = 2009,
	Bdsk-Url-1 = {http://dx.doi.org/10.1088/0067-0049/185/1/32}}

@article{2009ApJ...700.1097H,
	Adsnote = {Provided by the SAO/NASA Astrophysics Data System},
	Adsurl = {http://adsabs.harvard.edu/abs/2009ApJ...700.1097H},
	Archiveprefix = {arXiv},
	Author = {{Hicken}, M. and {Wood-Vasey}, W.~M. and {Blondin}, S. and {Challis}, P. and {Jha}, S. and {Kelly}, P.~L. and {Rest}, A. and {Kirshner}, R.~P.},
	Date-Added = {2010-05-06 13:47:22 -0700},
	Date-Modified = {2010-05-06 13:47:22 -0700},
	Doi = {10.1088/0004-637X/700/2/1097},
	Eprint = {0901.4804},
	Journal = {\apj},
	Keywords = {cosmology: dark energy, supernovae: general},
	Month = aug,
	Pages = {1097-1140},
	Title = {{Improved Dark Energy Constraints from \~{}100 New CfA Supernova Type Ia Light Curves}},
	Volume = 700,
	Year = 2009,
	Bdsk-Url-1 = {http://dx.doi.org/10.1088/0004-637X/700/2/1097}}

@article{2008AJ....136.1482S,
	Adsnote = {Provided by the SAO/NASA Astrophysics Data System},
	Adsurl = {http://adsabs.harvard.edu/abs/2008AJ....136.1482S},
	Archiveprefix = {arXiv},
	Author = {{Schweizer}, F. and {Burns}, C.~R. and {Madore}, B.~F. and {Mager}, V.~A. and {Phillips}, M.~M. and {Freedman}, W.~L. and {Boldt}, L. and {Contreras}, C. and {Folatelli}, G. and {Gonz{\'a}lez}, S. and {Hamuy}, M. and {Krzeminski}, W. and {Morrell}, N.~I. and {Persson}, S.~E. and {Roth}, M.~R. and {Stritzinger}, M.~D.},
	Date-Added = {2010-05-06 13:26:38 -0700},
	Date-Modified = {2010-05-06 13:26:38 -0700},
	Doi = {10.1088/0004-6256/136/4/1482},
	Eprint = {0807.3955},
	Journal = {\aj},
	Keywords = {galaxies: distances and redshifts, galaxies: individual: NGC 4038 NGC 4039, galaxies: interactions, supernovae: individual: SN 2007sr},
	Month = oct,
	Pages = {1482-1489},
	Title = {{a New Distance to the Antennae Galaxies (ngc 4038/39) Based on the Type ia Supernova 2007sr}},
	Volume = 136,
	Year = 2008,
	Bdsk-Url-1 = {http://dx.doi.org/10.1088/0004-6256/136/4/1482}}

@article{2010AJ....139..120F,
	Adsnote = {Provided by the SAO/NASA Astrophysics Data System},
	Adsurl = {http://adsabs.harvard.edu/abs/2010AJ....139..120F},
	Archiveprefix = {arXiv},
	Author = {{Folatelli}, G. and {Phillips}, M.~M. and {Burns}, C.~R. and {Contreras}, C. and {Hamuy}, M. and {Freedman}, W.~L. and {Persson}, S.~E. and {Stritzinger}, M. and {Suntzeff}, N.~B. and {Krisciunas}, K. and {Boldt}, L. and {Gonz{\'a}lez}, S. and {Krzeminski}, W. and {Morrell}, N. and {Roth}, M. and {Salgado}, F. and {Madore}, B.~F. and {Murphy}, D. and {Wyatt}, P. and {Li}, W. and {Filippenko}, A.~V. and {Miller}, N.},
	Date-Added = {2010-05-06 13:13:40 -0700},
	Date-Modified = {2010-05-06 13:13:40 -0700},
	Doi = {10.1088/0004-6256/139/1/120},
	Eprint = {0910.3317},
	Journal = {\aj},
	Keywords = {distance scale, dust, extinction, galaxies: distances and redshifts, galaxies: ISM, supernovae: general},
	Month = jan,
	Pages = {120-144},
	Title = {{The Carnegie Supernova Project: Analysis of the First Sample of Low-Redshift Type-Ia Supernovae}},
	Volume = 139,
	Year = 2010,
	Bdsk-Url-1 = {http://dx.doi.org/10.1088/0004-6256/139/1/120}}

@article{2009ApJ...696..870D,
	Adsnote = {Provided by the SAO/NASA Astrophysics Data System},
	Adsurl = {http://adsabs.harvard.edu/abs/2009ApJ...696..870D},
	Archiveprefix = {arXiv},
	Author = {{Drake}, A.~J. and {Djorgovski}, S.~G. and {Mahabal}, A. and {Beshore}, E. and {Larson}, S. and {Graham}, M.~J. and {Williams}, R. and {Christensen}, E. and {Catelan}, M. and {Boattini}, A. and {Gibbs}, A. and {Hill}, R. and {Kowalski}, R.},
	Date-Added = {2010-05-06 12:18:25 -0700},
	Date-Modified = {2010-05-06 12:18:25 -0700},
	Doi = {10.1088/0004-637X/696/1/870},
	Eprint = {0809.1394},
	Journal = {\apj},
	Keywords = {BL Lacertae objects: general, galaxies: general, novae, cataclysmic variables, stars: flare, supernovae: general},
	Month = may,
	Pages = {870-884},
	Title = {{First Results from the Catalina Real-Time Transient Survey}},
	Volume = 696,
	Year = 2009,
	Bdsk-Url-1 = {http://dx.doi.org/10.1088/0004-637X/696/1/870}}

@article{2008AJ....135..338F,
	Adsnote = {Provided by the SAO/NASA Astrophysics Data System},
	Adsurl = {http://adsabs.harvard.edu/abs/2008AJ....135..338F},
	Archiveprefix = {arXiv},
	Author = {{Frieman}, J.~A. and {Bassett}, B. and {Becker}, A. and {Choi}, C. and {Cinabro}, D. and {DeJongh}, F. and {Depoy}, D.~L. and {Dilday}, B. and {Doi}, M. and {Garnavich}, P.~M. and {Hogan}, C.~J. and {Holtzman}, J. and {Im}, M. and {Jha}, S. and {Kessler}, R. and {Konishi}, K. and {Lampeitl}, H. and {Marriner}, J. and {Marshall}, J.~L. and {McGinnis}, D. and {Miknaitis}, G. and {Nichol}, R.~C. and {Prieto}, J.~L. and {Riess}, A.~G. and {Richmond}, M.~W. and {Romani}, R. and {Sako}, M. and {Schneider}, D.~P. and {Smith}, M. and {Takanashi}, N. and {Tokita}, K. and {van der Heyden}, K. and {Yasuda}, N. and {Zheng}, C. and {Adelman-McCarthy}, J. and {Annis}, J. and {Assef}, R.~J. and {Barentine}, J. and {Bender}, R. and {Blandford}, R.~D. and {Boroski}, W.~N. and {Bremer}, M. and {Brewington}, H. and {Collins}, C.~A. and {Crotts}, A. and {Dembicky}, J. and {Eastman}, J. and {Edge}, A. and {Edmondson}, E. and {Elson}, E. and {Eyler}, M.~E. and {Filippenko}, A.~V. and {Foley}, R.~J. and {Frank}, S. and {Goobar}, A. and {Gueth}, T. and {Gunn}, J.~E. and {Harvanek}, M. and {Hopp}, U. and {Ihara}, Y. and {Ivezi{\'c}}, {\v Z}. and {Kahn}, S. and {Kaplan}, J. and {Kent}, S. and {Ketzeback}, W. and {Kleinman}, S.~J. and {Kollatschny}, W. and {Kron}, R.~G. and {Krzesi{\'n}ski}, J. and {Lamenti}, D. and {Leloudas}, G. and {Lin}, H. and {Long}, D.~C. and {Lucey}, J. and {Lupton}, R.~H. and {Malanushenko}, E. and {Malanushenko}, V. and {McMillan}, R.~J. and {Mendez}, J. and {Morgan}, C.~W. and {Morokuma}, T. and {Nitta}, A. and {Ostman}, L. and {Pan}, K. and {Rockosi}, C.~M. and {Romer}, A.~K. and {Ruiz-Lapuente}, P. and {Saurage}, G. and {Schlesinger}, K. and {Snedden}, S.~A. and {Sollerman}, J. and {Stoughton}, C. and {Stritzinger}, M. and {Subba Rao}, M. and {Tucker}, D. and {Vaisanen}, P. and {Watson}, L.~C. and {Watters}, S. and {Wheeler}, J.~C. and {Yanny}, B. and {York}, D.},
	Date-Added = {2010-05-06 12:12:01 -0700},
	Date-Modified = {2010-05-06 12:12:01 -0700},
	Doi = {10.1088/0004-6256/135/1/338},
	Eprint = {0708.2749},
	Journal = {\aj},
	Keywords = {supernovae: general, surveys},
	Month = jan,
	Pages = {338-347},
	Title = {{The Sloan Digital Sky Survey-II Supernova Survey: Technical Summary}},
	Volume = 135,
	Year = 2008,
	Bdsk-Url-1 = {http://dx.doi.org/10.1088/0004-6256/135/1/338}}

@inproceedings{2001ASPC..246..121F,
	Adsnote = {Provided by the SAO/NASA Astrophysics Data System},
	Adsurl = {http://adsabs.harvard.edu/abs/2001ASPC..246..121F},
	Author = {{Filippenko}, A.~V. and {Li}, W.~D. and {Treffers}, R.~R. and {Modjaz}, M.},
	Booktitle = {IAU Colloq. 183: Small Telescope Astronomy on Global Scales},
	Date-Added = {2010-05-06 12:08:05 -0700},
	Date-Modified = {2010-05-06 12:08:05 -0700},
	Editor = {{B.~Paczynski, W.-P.~Chen, \& C.~Lemme}},
	Pages = {121-+},
	Series = {Astronomical Society of the Pacific Conference Series},
	Title = {{The Lick Observatory Supernova Search with the Katzman Automatic Imaging Telescope}},
	Volume = 246,
	Year = 2001}

@article{2008ApJ...689..377W,
	Adsnote = {Provided by the SAO/NASA Astrophysics Data System},
	Adsurl = {http://adsabs.harvard.edu/abs/2008ApJ...689..377W},
	Archiveprefix = {arXiv},
	Author = {{Wood-Vasey}, W.~M. and {Friedman}, A.~S. and {Bloom}, J.~S. and {Hicken}, M. and {Modjaz}, M. and {Kirshner}, R.~P. and {Starr}, D.~L. and {Blake}, C.~H. and {Falco}, E.~E. and {Szentgyorgyi}, A.~H. and {Challis}, P. and {Blondin}, S. and {Mandel}, K.~S. and {Rest}, A.},
	Date-Added = {2010-02-04 14:19:10 -0800},
	Date-Modified = {2010-02-04 14:19:10 -0800},
	Doi = {10.1086/592374},
	Eprint = {0711.2068},
	Journal = {\apj},
	Keywords = {Cosmology: Distance Scale, Stars: Supernovae: General},
	Month = dec,
	Pages = {377-390},
	Title = {{Type Ia Supernovae Are Good Standard Candles in the Near Infrared: Evidence from PAIRITEL}},
	Volume = 689,
	Year = 2008,
	Bdsk-Url-1 = {http://dx.doi.org/10.1086/592374}}

@article{2004ApJ...602L..81K,
	Adsnote = {Provided by the SAO/NASA Astrophysics Data System},
	Adsurl = {http://adsabs.harvard.edu/abs/2004ApJ...602L..81K},
	Author = {{Krisciunas}, K. and {Phillips}, M.~M. and {Suntzeff}, N.~B.},
	Date-Added = {2010-02-04 14:18:42 -0800},
	Date-Modified = {2010-02-04 14:18:42 -0800},
	Doi = {10.1086/382731},
	Eprint = {arXiv:astro-ph/0312626},
	Journal = {\apjl},
	Keywords = {Cosmology: Distance Scale, Stars: Supernovae: General},
	Month = feb,
	Pages = {L81-L84},
	Title = {{Hubble Diagrams of Type Ia Supernovae in the Near-Infrared}},
	Volume = 602,
	Year = 2004,
	Bdsk-Url-1 = {http://dx.doi.org/10.1086/382731}}

@article{1996AJ....111.1748F,
	Adsnote = {Provided by the SAO/NASA Astrophysics Data System},
	Adsurl = {http://adsabs.harvard.edu/abs/1996AJ....111.1748F},
	Author = {{Fukugita}, M. and {Ichikawa}, T. and {Gunn}, J.~E. and {Doi}, M. and {Shimasaku}, K. and {Schneider}, D.~P.},
	Date-Added = {2009-12-02 14:25:23 -0800},
	Date-Modified = {2009-12-02 14:25:23 -0800},
	Doi = {10.1086/117915},
	Journal = {\aj},
	Keywords = {SURVEYS, INSTRUMENTATION: PHOTOMETERS, TECHNIQUES: PHOTOMETRIC},
	Month = apr,
	Pages = {1748-+},
	Title = {{The Sloan Digital Sky Survey Photometric System}},
	Volume = 111,
	Year = 1996,
	Bdsk-Url-1 = {http://dx.doi.org/10.1086/117915}}

@article{2009ApJ...704.1036F,
	Adsnote = {Provided by the SAO/NASA Astrophysics Data System},
	Adsurl = {http://adsabs.harvard.edu/abs/2009ApJ...704.1036F},
	Archiveprefix = {arXiv},
	Author = {{Freedman}, W.~L. and {Burns}, C.~R. and {Phillips}, M.~M. and {Wyatt}, P. and {Persson}, S.~E. and {Madore}, B.~F. and {Contreras}, C. and {Folatelli}, G. and {Gonzalez}, E.~S. and {Hamuy}, M. and {Hsiao}, E. and {Kelson}, D.~D. and {Morrell}, N. and {Murphy}, D.~C. and {Roth}, M. and {Stritzinger}, M. and {Sturch}, L. and {Suntzeff}, N.~B. and {Astier}, P. and {Balland}, C. and {Bassett}, B. and {Boldt}, L. and {Carlberg}, R.~G. and {Conley}, A.~J. and {Frieman}, J.~A. and {Garnavich}, P.~M. and {Guy}, J. and {Hardin}, D. and {Howell}, D.~A. and {Kessler}, R. and {Lampeitl}, H. and {Marriner}, J. and {Pain}, R. and {Perrett}, K. and {Regnault}, N. and {Riess}, A.~G. and {Sako}, M. and {Schneider}, D.~P. and {Sullivan}, M. and {Wood-Vasey}, M.},
	Date-Added = {2009-12-02 10:57:14 -0800},
	Date-Modified = {2009-12-02 10:57:14 -0800},
	Doi = {10.1088/0004-637X/704/2/1036},
	Eprint = {0907.4524},
	Journal = {\apj},
	Keywords = {cosmology: observations, distance scale, supernovae: general},
	Month = oct,
	Pages = {1036-1058},
	Title = {{The Carnegie Supernova Project: First Near-Infrared Hubble Diagram to z \~{} 0.7}},
	Volume = 704,
	Year = 2009,
	Bdsk-Url-1 = {http://dx.doi.org/10.1088/0004-637X/704/2/1036}}

@book{Dierckx1993,
	Address = {New York, NY, USA},
	Author = {Dierckx, Paul},
	Date-Added = {2009-12-02 09:58:05 -0800},
	Date-Modified = {2009-12-02 09:58:26 -0800},
	Isbn = {0-19-853441-8},
	Publisher = {Oxford University Press, Inc.},
	Title = {Curve and surface fitting with splines},
	Year = {1993}}

@article{297968,
	Address = {Woodbury, NY, USA},
	Author = {Thijsse, Barend J. and Hollanders, Mark A. and Hendrikse, Jan},
	Date-Added = {2009-12-02 09:51:33 -0800},
	Date-Modified = {2009-12-02 09:51:33 -0800},
	Doi = {http://dx.doi.org/10.1063/1.168716},
	Issn = {0894-1866},
	Journal = {Comput. Phys.},
	Number = {4},
	Pages = {393--399},
	Publisher = {American Institute of Physics Inc.},
	Title = {A partical algorithm for least-squares spline approximation of data containing noise},
	Volume = {12},
	Year = {1998},
	Bdsk-Url-1 = {http://dx.doi.org/10.1063/1.168716}}

@article{1994ApJ...422..158O,
	Adsnote = {Provided by the SAO/NASA Astrophysics Data System},
	Adsurl = {http://adsabs.harvard.edu/abs/1994ApJ...422..158O},
	Author = {{O'Donnell}, J.~E.},
	Date-Added = {2009-12-02 09:27:10 -0800},
	Date-Modified = {2009-12-02 09:27:10 -0800},
	Doi = {10.1086/173713},
	Journal = {\apj},
	Keywords = {INTERSTELLAR EXTINCTION, LIGHT (VISIBLE RADIATION), NEAR INFRARED RADIATION, ULTRAVIOLET RADIATION, ASTRONOMICAL PHOTOMETRY, IUE},
	Month = feb,
	Pages = {158-163},
	Title = {{R_{nu}-dependent optical and near-ultraviolet extinction}},
	Volume = 422,
	Year = 1994,
	Bdsk-Url-1 = {http://dx.doi.org/10.1086/173713}}

@article{Folatelli2009,
	Author = {{Folatelli}, G., et al.},
	Date-Added = {2009-12-01 15:40:12 -0800},
	Date-Modified = {2009-12-01 15:43:20 -0800},
	Journal = {\aj},
	Keywords = {COSMOLOGY,Supernovae},
	Title = {{The Carnegie Supernova Project: Analysis of the First Sample of Low-Redshift Type-Ia Supernovae}},
	Volume = {In Press},
	Year = {2009}}

@article{2005PASP..117..810S,
	Adsnote = {Provided by the SAO/NASA Astrophysics Data System},
	Adsurl = {http://adsabs.harvard.edu/abs/2005PASP..117..810S},
	Author = {{Stritzinger}, M. and {Suntzeff}, N.~B. and {Hamuy}, M. and {Challis}, P. and {Demarco}, R. and {Germany}, L. and {Soderberg}, A.~M.},
	Date-Added = {2009-08-28 10:40:17 -0700},
	Date-Modified = {2009-08-28 10:40:52 -0700},
	Doi = {10.1086/431468},
	Eprint = {arXiv:astro-ph/0504244},
	Journal = {\pasp},
	Keywords = {Techniques: Photometric, Stars: Fundamental Parameters},
	Month = aug,
	Pages = {810-822},
	Title = {{An Atlas of Spectrophotometric Landolt Standard Stars}},
	Volume = 117,
	Year = 2005,
	Bdsk-Url-1 = {http://dx.doi.org/10.1086/431468}}

@article{2008AJ....136.2306H,
	Adsnote = {Provided by the SAO/NASA Astrophysics Data System},
	Adsurl = {http://adsabs.harvard.edu/abs/2008AJ....136.2306H},
	Author = {{Holtzman}, J.~A. and {Marriner}, J. and {Kessler}, R. and {Sako}, M. and {Dilday}, B. and {Frieman}, J.~A. and {Schneider}, D.~P. and {Bassett}, B. and {Becker}, A. and {Cinabro}, D. and {DeJongh}, F. and {Depoy}, D.~L. and {Doi}, M. and {Garnavich}, P.~M. and {Hogan}, C.~J. and {Jha}, S. and {Konishi}, K. and {Lampeitl}, H. and {Marshall}, J.~L. and {McGinnis}, D. and {Miknaitis}, G. and {Nichol}, R.~C. and {Prieto}, J.~L. and {Riess}, A.~G. and {Richmond}, M.~W. and {Romani}, R. and {Smith}, M. and {Takanashi}, N. and {Tokita}, K. and {van der Heyden}, K. and {Yasuda}, N. and {Zheng}, C.},
	Doi = {10.1088/0004-6256/136/6/2306},
	Journal = {\aj},
	Keywords = {supernovae: general, techniques: photometric},
	Month = dec,
	Pages = {2306-2320},
	Title = {{The Sloan Digital Sky Survey-II: Photometry and Supernova IA Light Curves from the 2005 Data}},
	Volume = 136,
	Year = 2008,
	Bdsk-Url-1 = {http://dx.doi.org/10.1088/0004-6256/136/6/2306}}

@article{2008ApJ...686L.103G,
	Adsnote = {Provided by the SAO/NASA Astrophysics Data System},
	Adsurl = {http://adsabs.harvard.edu/abs/2008ApJ...686L.103G},
	Archiveprefix = {arXiv},
	Author = {{Goobar}, A.},
	Doi = {10.1086/593060},
	Eprint = {0809.1094},
	Journal = {\apjl},
	Keywords = {ISM: Dust, Extinction, Stars: Supernovae: General},
	Month = oct,
	Pages = {L103-L106},
	Title = {{Low R_{V} from Circumstellar Dust around Supernovae}},
	Volume = 686,
	Year = 2008,
	Bdsk-Url-1 = {http://dx.doi.org/10.1086/593060}}

@article{2008ApJ...685..752G,
	Adsnote = {Provided by the SAO/NASA Astrophysics Data System},
	Adsurl = {http://adsabs.harvard.edu/abs/2008ApJ...685..752G},
	Archiveprefix = {arXiv},
	Author = {{Gallagher}, J.~S. and {Garnavich}, P.~M. and {Caldwell}, N. and {Kirshner}, R.~P. and {Jha}, S.~W. and {Li}, W. and {Ganeshalingam}, M. and {Filippenko}, A.~V.},
	Doi = {10.1086/590659},
	Eprint = {0805.4360},
	Journal = {\apj},
	Keywords = {Cosmology: Observations, Galaxies: Elliptical and Lenticular, cD, Galaxies: Fundamental Parameters, Stars: Supernovae: General},
	Month = oct,
	Pages = {752-766},
	Title = {{Supernovae in Early-Type Galaxies: Directly Connecting Age and Metallicity with Type Ia Luminosity}},
	Volume = 685,
	Year = 2008,
	Bdsk-Url-1 = {http://dx.doi.org/10.1086/590659}}

@article{2008ARA&A..46..385F,
	Adsnote = {Provided by the SAO/NASA Astrophysics Data System},
	Adsurl = {http://adsabs.harvard.edu/abs/2008ARA%26A..46..385F},
	Archiveprefix = {arXiv},
	Author = {{Frieman}, J.~A. and {Turner}, M.~S. and {Huterer}, D.},
	Date-Modified = {2009-08-28 10:30:53 -0700},
	Doi = {10.1146/annurev.astro.46.060407.145243},
	Eprint = {0803.0982},
	Journal = {\araa},
	Keywords = {Cosmology,Dark Energy},
	Month = sep,
	Pages = {385-432},
	Title = {{Dark Energy and the Accelerating Universe}},
	Volume = 46,
	Year = 2008,
	Bdsk-Url-1 = {http://dx.doi.org/10.1146/annurev.astro.46.060407.145243}}

@article{2008ApJ...684...68F,
	Adsnote = {Provided by the SAO/NASA Astrophysics Data System},
	Adsurl = {http://adsabs.harvard.edu/abs/2008ApJ...684...68F},
	Archiveprefix = {arXiv},
	Author = {{Foley}, R.~J. and {Filippenko}, A.~V. and {Aguilera}, C. and {Becker}, A.~C. and {Blondin}, S. and {Challis}, P. and {Clocchiatti}, A. and {Covarrubias}, R. and {Davis}, T.~M. and {Garnavich}, P.~M. and {Jha}, S.~W. and {Kirshner}, R.~P. and {Krisciunas}, K. and {Leibundgut}, B. and {Li}, W. and {Matheson}, T. and {Miceli}, A. and {Miknaitis}, G. and {Pignata}, G. and {Rest}, A. and {Riess}, A.~G. and {Schmidt}, B.~P. and {Smith}, R.~C. and {Sollerman}, J. and {Spyromilio}, J. and {Stubbs}, C.~W. and {Suntzeff}, N.~B. and {Tonry}, J.~L. and {Wood-Vasey}, W.~M. and {Zenteno}, A.},
	Doi = {10.1086/589612},
	Eprint = {0710.2338},
	Journal = {\apj},
	Keywords = {Cosmology: Observations, Cosmology: Distance Scale, Stars: Supernovae: General},
	Month = sep,
	Pages = {68-87},
	Title = {{Constraining Cosmic Evolution of Type Ia Supernovae}},
	Volume = 684,
	Year = 2008,
	Bdsk-Url-1 = {http://dx.doi.org/10.1086/589612}}

@article{2008A&A...487...19N,
	Adsnote = {Provided by the SAO/NASA Astrophysics Data System},
	Adsurl = {http://adsabs.harvard.edu/abs/2008A%26A...487...19N},
	Archiveprefix = {arXiv},
	Author = {{Nobili}, S. and {Goobar}, A.},
	Doi = {10.1051/0004-6361:20079292},
	Eprint = {0712.1155},
	Journal = {\aap},
	Keywords = {stars: supernovae: general, ISM: dust, extinction, methods: statistical},
	Month = aug,
	Pages = {19-31},
	Title = {{The colour-lightcurve shape relation of type Ia supernovae and the reddening law}},
	Volume = 487,
	Year = 2008,
	Bdsk-Url-1 = {http://dx.doi.org/10.1051/0004-6361:20079292}}

@article{2008ApJ...681..482C,
	Adsnote = {Provided by the SAO/NASA Astrophysics Data System},
	Adsurl = {http://adsabs.harvard.edu/abs/2008ApJ...681..482C},
	Archiveprefix = {arXiv},
	Author = {{Conley}, A. and {Sullivan}, M. and {Hsiao}, E.~Y. and {Guy}, J. and {Astier}, P. and {Balam}, D. and {Balland}, C. and {Basa}, S. and {Carlberg}, R.~G. and {Fouchez}, D. and {Hardin}, D. and {Howell}, D.~A. and {Hook}, I.~M. and {Pain}, R. and {Perrett}, K. and {Pritchet}, C.~J. and {Regnault}, N.},
	Doi = {10.1086/588518},
	Eprint = {0803.3441},
	Journal = {\apj},
	Keywords = {Stars: Supernovae: General},
	Month = jul,
	Pages = {482-498},
	Title = {{SiFTO: An Empirical Method for Fitting SN Ia Light Curves}},
	Volume = 681,
	Year = 2008,
	Bdsk-Url-1 = {http://dx.doi.org/10.1086/588518}}

@article{2008ApJ...674...51E,
	Adsnote = {Provided by the SAO/NASA Astrophysics Data System},
	Adsurl = {http://adsabs.harvard.edu/abs/2008ApJ...674...51E},
	Archiveprefix = {arXiv},
	Author = {{Ellis}, R.~S. and {Sullivan}, M. and {Nugent}, P.~E. and {Howell}, D.~A. and {Gal-Yam}, A. and {Astier}, P. and {Balam}, D. and {Balland}, C. and {Basa}, S. and {Carlberg}, R.~G. and {Conley}, A. and {Fouchez}, D. and {Guy}, J. and {Hardin}, D. and {Hook}, I. and {Pain}, R. and {Perrett}, K. and {Pritchet}, C.~J. and {Regnault}, N.},
	Doi = {10.1086/524981},
	Eprint = {0710.3896},
	Journal = {\apj},
	Keywords = {Cosmology: Cosmological Parameters, Stars: Supernovae: General, Surveys},
	Month = feb,
	Pages = {51-69},
	Title = {{Verifying the Cosmological Utility of Type Ia Supernovae: Implications of a Dispersion in the Ultraviolet Spectra}},
	Volume = 674,
	Year = 2008,
	Bdsk-Url-1 = {http://dx.doi.org/10.1086/524981}}

@article{2008AJ....135..348S,
	Adsnote = {Provided by the SAO/NASA Astrophysics Data System},
	Adsurl = {http://adsabs.harvard.edu/abs/2008AJ....135..348S},
	Archiveprefix = {arXiv},
	Author = {{Sako}, M. and {Bassett}, B. and {Becker}, A. and {Cinabro}, D. and {DeJongh}, F. and {Depoy}, D.~L. and {Dilday}, B. and {Doi}, M. and {Frieman}, J.~A. and {Garnavich}, P.~M. and {Hogan}, C.~J. and {Holtzman}, J. and {Jha}, S. and {Kessler}, R. and {Konishi}, K. and {Lampeitl}, H. and {Marriner}, J. and {Miknaitis}, G. and {Nichol}, R.~C. and {Prieto}, J.~L. and {Riess}, A.~G. and {Richmond}, M.~W. and {Romani}, R. and {Schneider}, D.~P. and {Smith}, M. and {Subba Rao}, M. and {Takanashi}, N. and {Tokita}, K. and {van der Heyden}, K. and {Yasuda}, N. and {Zheng}, C. and {Barentine}, J. and {Brewington}, H. and {Choi}, C. and {Dembicky}, J. and {Harnavek}, M. and {Ihara}, Y. and {Im}, M. and {Ketzeback}, W. and {Kleinman}, S.~J. and {Krzesi{\'n}ski}, J. and {Long}, D.~C. and {Malanushenko}, E. and {Malanushenko}, V. and {McMillan}, R.~J. and {Morokuma}, T. and {Nitta}, A. and {Pan}, K. and {Saurage}, G. and {Snedden}, S.~A.},
	Doi = {10.1088/0004-6256/135/1/348},
	Eprint = {0708.2750},
	Journal = {\aj},
	Keywords = {cosmology: observations, methods: data analysis, techniques: image processing, supernovae: general, surveys},
	Month = jan,
	Pages = {348-373},
	Title = {{The Sloan Digital Sky Survey-II Supernova Survey: Search Algorithm and Follow-Up Observations}},
	Volume = 135,
	Year = 2008,
	Bdsk-Url-1 = {http://dx.doi.org/10.1088/0004-6256/135/1/348}}

@article{2007ApJ...666..694W,
	Adsnote = {Provided by the SAO/NASA Astrophysics Data System},
	Adsurl = {http://adsabs.harvard.edu/abs/2007ApJ...666..694W},
	Author = {{Wood-Vasey}, W.~M. and {Miknaitis}, G. and {Stubbs}, C.~W. and {Jha}, S. and {Riess}, A.~G. and {Garnavich}, P.~M. and {Kirshner}, R.~P. and {Aguilera}, C. and {Becker}, A.~C. and {Blackman}, J.~W. and {Blondin}, S. and {Challis}, P. and {Clocchiatti}, A. and {Conley}, A. and {Covarrubias}, R. and {Davis}, T.~M. and {Filippenko}, A.~V. and {Foley}, R.~J. and {Garg}, A. and {Hicken}, M. and {Krisciunas}, K. and {Leibundgut}, B. and {Li}, W. and {Matheson}, T. and {Miceli}, A. and {Narayan}, G. and {Pignata}, G. and {Prieto}, J.~L. and {Rest}, A. and {Salvo}, M.~E. and {Schmidt}, B.~P. and {Smith}, R.~C. and {Sollerman}, J. and {Spyromilio}, J. and {Tonry}, J.~L. and {Suntzeff}, N.~B. and {Zenteno}, A.},
	Doi = {10.1086/518642},
	Eprint = {arXiv:astro-ph/0701041},
	Journal = {\apj},
	Keywords = {Cosmology: Cosmological Parameters, Cosmology: Observations, Stars: Supernovae: General},
	Month = sep,
	Pages = {694-715},
	Title = {{Observational Constraints on the Nature of Dark Energy: First Cosmological Results from the ESSENCE Supernova Survey}},
	Volume = 666,
	Year = 2007,
	Bdsk-Url-1 = {http://dx.doi.org/10.1086/518642}}

@article{2007ApJ...666..674M,
	Adsnote = {Provided by the SAO/NASA Astrophysics Data System},
	Adsurl = {http://adsabs.harvard.edu/abs/2007ApJ...666..674M},
	Author = {{Miknaitis}, G. and {Pignata}, G. and {Rest}, A. and {Wood-Vasey}, W.~M. and {Blondin}, S. and {Challis}, P. and {Smith}, R.~C. and {Stubbs}, C.~W. and {Suntzeff}, N.~B. and {Foley}, R.~J. and {Matheson}, T. and {Tonry}, J.~L. and {Aguilera}, C. and {Blackman}, J.~W. and {Becker}, A.~C. and {Clocchiatti}, A. and {Covarrubias}, R. and {Davis}, T.~M. and {Filippenko}, A.~V. and {Garg}, A. and {Garnavich}, P.~M. and {Hicken}, M. and {Jha}, S. and {Krisciunas}, K. and {Kirshner}, R.~P. and {Leibundgut}, B. and {Li}, W. and {Miceli}, A. and {Narayan}, G. and {Prieto}, J.~L. and {Riess}, A.~G. and {Salvo}, M.~E. and {Schmidt}, B.~P. and {Sollerman}, J. and {Spyromilio}, J. and {Zenteno}, A.},
	Doi = {10.1086/519986},
	Eprint = {arXiv:astro-ph/0701043},
	Journal = {\apj},
	Keywords = {Cosmology: Observations, Methods: Data Analysis, Stars: Supernovae: General, Surveys},
	Month = sep,
	Pages = {674-693},
	Title = {{The ESSENCE Supernova Survey: Survey Optimization, Observations, and Supernova Photometry}},
	Volume = 666,
	Year = 2007,
	Bdsk-Url-1 = {http://dx.doi.org/10.1086/519986}}

@article{2007ApJ...665.1489K,
	Adsnote = {Provided by the SAO/NASA Astrophysics Data System},
	Adsurl = {http://adsabs.harvard.edu/abs/2007ApJ...665.1489K},
	Archiveprefix = {arXiv},
	Author = {{Kelly}, B.~C.},
	Doi = {10.1086/519947},
	Eprint = {0705.2774},
	Journal = {\apj},
	Keywords = {Methods: Data Analysis, Methods: Numerical, Methods: Statistical},
	Month = aug,
	Pages = {1489-1506},
	Title = {{Some Aspects of Measurement Error in Linear Regression of Astronomical Data}},
	Volume = 665,
	Year = 2007,
	Bdsk-Url-1 = {http://dx.doi.org/10.1086/519947}}

@article{2007ApJ...663.1187H,
	Adsnote = {Provided by the SAO/NASA Astrophysics Data System},
	Adsurl = {http://adsabs.harvard.edu/abs/2007ApJ...663.1187H},
	Author = {{Hsiao}, E.~Y. and {Conley}, A. and {Howell}, D.~A. and {Sullivan}, M. and {Pritchet}, C.~J. and {Carlberg}, R.~G. and {Nugent}, P.~E. and {Phillips}, M.~M.},
	Doi = {10.1086/518232},
	Eprint = {arXiv:astro-ph/0703529},
	Journal = {\apj},
	Keywords = {Cosmology: Observations, Stars: Supernovae: General},
	Month = jul,
	Pages = {1187-1200},
	Title = {{K-Corrections and Spectral Templates of Type Ia Supernovae}},
	Volume = 663,
	Year = 2007,
	Bdsk-Url-1 = {http://dx.doi.org/10.1086/518232}}

@article{2007ApJS..170..377S,
	Adsnote = {Provided by the SAO/NASA Astrophysics Data System},
	Adsurl = {http://adsabs.harvard.edu/abs/2007ApJS..170..377S},
	Author = {{Spergel}, D.~N. and {Bean}, R. and {Dor{\'e}}, O. and {Nolta}, M.~R. and {Bennett}, C.~L. and {Dunkley}, J. and {Hinshaw}, G. and {Jarosik}, N. and {Komatsu}, E. and {Page}, L. and {Peiris}, H.~V. and {Verde}, L. and {Halpern}, M. and {Hill}, R.~S. and {Kogut}, A. and {Limon}, M. and {Meyer}, S.~S. and {Odegard}, N. and {Tucker}, G.~S. and {Weiland}, J.~L. and {Wollack}, E. and {Wright}, E.~L.},
	Doi = {10.1086/513700},
	Eprint = {arXiv:astro-ph/0603449},
	Journal = {\apjs},
	Keywords = {Cosmology: Cosmic Microwave Background, Cosmology: Observations},
	Month = jun,
	Pages = {377-408},
	Title = {{Three-Year Wilkinson Microwave Anisotropy Probe (WMAP) Observations: Implications for Cosmology}},
	Volume = 170,
	Year = 2007,
	Bdsk-Url-1 = {http://dx.doi.org/10.1086/513700}}

@article{2007PASP..119..360P,
	Adsnote = {Provided by the SAO/NASA Astrophysics Data System},
	Adsurl = {http://adsabs.harvard.edu/abs/2007PASP..119..360P},
	Author = {{Phillips}, M.~M. and {Li}, W. and {Frieman}, J.~A. and {Blinnikov}, S.~I. and {DePoy}, D. and {Prieto}, J.~L. and {Milne}, P. and {Contreras}, C. and {Folatelli}, G. and {Morrell}, N. and {Hamuy}, M. and {Suntzeff}, N.~B. and {Roth}, M. and {Gonz{\'a}lez}, S. and {Krzeminski}, W. and {Filippenko}, A.~V. and {Freedman}, W.~L. and {Chornock}, R. and {Jha}, S. and {Madore}, B.~F. and {Persson}, S.~E. and {Burns}, C.~R. and {Wyatt}, P. and {Murphy}, D. and {Foley}, R.~J. and {Ganeshalingam}, M. and {Serduke}, F.~J.~D. and {Krisciunas}, K. and {Bassett}, B. and {Becker}, A. and {Dilday}, B. and {Eastman}, J. and {Garnavich}, P.~M. and {Holtzman}, J. and {Kessler}, R. and {Lampeitl}, H. and {Marriner}, J. and {Frank}, S. and {Marshall}, J.~L. and {Miknaitis}, G. and {Sako}, M. and {Schneider}, D.~P. and {van der Heyden}, K. and {Yasuda}, N.},
	Doi = {10.1086/518372},
	Eprint = {arXiv:astro-ph/0611295},
	Journal = {\pasp},
	Keywords = {supernovae: individual (SN 2005hk)},
	Month = apr,
	Pages = {360-387},
	Title = {{The Peculiar SN 2005hk: Do Some Type Ia Supernovae Explode as Deflagrations?1,}},
	Volume = 119,
	Year = 2007,
	Bdsk-Url-1 = {http://dx.doi.org/10.1086/518372}}

@inproceedings{2007ASPC..364..315B,
	Adsnote = {Provided by the SAO/NASA Astrophysics Data System},
	Adsurl = {http://adsabs.harvard.edu/abs/2007ASPC..364..315B},
	Author = {{Bohlin}, R.~C.},
	Booktitle = {The Future of Photometric, Spectrophotometric and Polarimetric Standardization},
	Date-Modified = {2010-07-23 16:18:04 -0700},
	Editor = {{Sterken}, C.},
	Keywords = {Stars,Standards,Photometric},
	Month = apr,
	Pages = {315},
	Series = {Astronomical Society of the Pacific Conference Series},
	Title = {{HST Stellar Standards with 1\% Accuracy in Absolute Flux}},
	Volume = 364,
	Year = 2007}

@article{2007ApJ...659..122J,
	Adsnote = {Provided by the SAO/NASA Astrophysics Data System},
	Adsurl = {http://adsabs.harvard.edu/abs/2007ApJ...659..122J},
	Author = {{Jha}, S. and {Riess}, A.~G. and {Kirshner}, R.~P.},
	Doi = {10.1086/512054},
	Eprint = {arXiv:astro-ph/0612666},
	Journal = {\apj},
	Keywords = {Cosmology: Observations, Cosmology: Distance Scale, Galaxies: Distances and Redshifts, Stars: Supernovae: General},
	Month = apr,
	Pages = {122-148},
	Title = {{Improved Distances to Type Ia Supernovae with Multicolor Light-Curve Shapes: MLCS2k2}},
	Volume = 659,
	Year = 2007,
	Bdsk-Url-1 = {http://dx.doi.org/10.1086/512054}}

@article{2007ApJ...659...98R,
	Adsnote = {Provided by the SAO/NASA Astrophysics Data System},
	Adsurl = {http://adsabs.harvard.edu/abs/2007ApJ...659...98R},
	Author = {{Riess}, A.~G. and {Strolger}, L.-G. and {Casertano}, S. and {Ferguson}, H.~C. and {Mobasher}, B. and {Gold}, B. and {Challis}, P.~J. and {Filippenko}, A.~V. and {Jha}, S. and {Li}, W. and {Tonry}, J. and {Foley}, R. and {Kirshner}, R.~P. and {Dickinson}, M. and {MacDonald}, E. and {Eisenstein}, D. and {Livio}, M. and {Younger}, J. and {Xu}, C. and {Dahl{\'e}n}, T. and {Stern}, D.},
	Doi = {10.1086/510378},
	Eprint = {arXiv:astro-ph/0611572},
	Journal = {\apj},
	Keywords = {Cosmology: Observations, Cosmology: Distance Scale, Galaxies: Distances and Redshifts, Stars: Supernovae: General},
	Month = apr,
	Pages = {98-121},
	Title = {{New Hubble Space Telescope Discoveries of Type Ia Supernovae at z {\gt}= 1: Narrowing Constraints on the Early Behavior of Dark Energy}},
	Volume = 659,
	Year = 2007,
	Bdsk-Url-1 = {http://dx.doi.org/10.1086/510378}}

@article{2006ApJ...649..939K,
	Adsnote = {Provided by the SAO/NASA Astrophysics Data System},
	Adsurl = {http://adsabs.harvard.edu/abs/2006ApJ...649..939K},
	Author = {{Kasen}, D.},
	Doi = {10.1086/506588},
	Eprint = {arXiv:astro-ph/0606449},
	Journal = {\apj},
	Keywords = {Radiative Transfer, Stars: Supernovae: General},
	Month = oct,
	Pages = {939-953},
	Title = {{Secondary Maximum in the Near-Infrared Light Curves of Type Ia Supernovae}},
	Volume = 649,
	Year = 2006,
	Bdsk-Url-1 = {http://dx.doi.org/10.1086/506588}}

@article{2006astro.ph..9591A,
	Adsnote = {Provided by the SAO/NASA Astrophysics Data System},
	Adsurl = {http://adsabs.harvard.edu/abs/2006astro.ph..9591A},
	Author = {{Albrecht}, A. and {Bernstein}, G. and {Cahn}, R. and {Freedman}, W.~L. and {Hewitt}, J. and {Hu}, W. and {Huth}, J. and {Kamionkowski}, M. and {Kolb}, E.~W. and {Knox}, L. and {Mather}, J.~C. and {Staggs}, S. and {Suntzeff}, N.~B.},
	Eprint = {arXiv:astro-ph/0609591},
	Journal = {ArXiv Astrophysics e-prints},
	Keywords = {Astrophysics},
	Month = sep,
	Title = {{Report of the Dark Energy Task Force}},
	Year = 2006}

@article{2006APh....26..102L,
	Adsnote = {Provided by the SAO/NASA Astrophysics Data System},
	Adsurl = {http://adsabs.harvard.edu/abs/2006APh....26..102L},
	Author = {{Linder}, E.~V.},
	Date-Modified = {2009-08-28 10:30:27 -0700},
	Doi = {10.1016/j.astropartphys.2006.05.004},
	Eprint = {arXiv:astro-ph/0604280},
	Journal = {Astroparticle Physics},
	Keywords = {Cosmology, Cosmological Parameters},
	Month = sep,
	Pages = {102-110},
	Title = {{Biased cosmology: Pivots, parameters, and figures of merit}},
	Volume = 26,
	Year = 2006,
	Bdsk-Url-1 = {http://dx.doi.org/10.1016/j.astropartphys.2006.05.004}}

@article{2006ApJ...647..501P,
	Adsnote = {Provided by the SAO/NASA Astrophysics Data System},
	Adsurl = {http://adsabs.harvard.edu/abs/2006ApJ...647..501P},
	Author = {{Prieto}, J.~L. and {Rest}, A. and {Suntzeff}, N.~B.},
	Doi = {10.1086/504307},
	Eprint = {arXiv:astro-ph/0603407},
	Journal = {\apj},
	Keywords = {Stars: Supernovae: General},
	Month = aug,
	Pages = {501-512},
	Title = {{A New Method to Calibrate the Magnitudes of Type Ia Supernovae at Maximum Light}},
	Volume = 647,
	Year = 2006,
	Bdsk-Url-1 = {http://dx.doi.org/10.1086/504307}}

@article{2006ApJ...641.1039F,
	Adsnote = {Provided by the SAO/NASA Astrophysics Data System},
	Adsurl = {http://adsabs.harvard.edu/abs/2006ApJ...641.1039F},
	Author = {{Folatelli}, G. and {Contreras}, C. and {Phillips}, M.~M. and {Woosley}, S.~E. and {Blinnikov}, S. and {Morrell}, N. and {Suntzeff}, N.~B. and {Lee}, B.~L. and {Hamuy}, M. and {Gonz{\'a}lez}, S. and {Krzeminski}, W. and {Roth}, M. and {Li}, W. and {Filippenko}, A.~V. and {Foley}, R.~J. and {Freedman}, W.~L. and {Madore}, B.~F. and {Persson}, S.~E. and {Murphy}, D. and {Boissier}, S. and {Galaz}, G. and {Gonz{\'a}lez}, L. and {McCarthy}, P.~J. and {McWilliam}, A. and {Pych}, W.},
	Doi = {10.1086/500531},
	Eprint = {arXiv:astro-ph/0509731},
	Journal = {\apj},
	Keywords = {Gamma Rays: Bursts, supernovae: individual (SN 2005bf)},
	Month = apr,
	Pages = {1039-1050},
	Title = {{SN 2005bf: A Possible Transition Event between Type Ib/c Supernovae and Gamma-Ray Bursts}},
	Volume = 641,
	Year = 2006,
	Bdsk-Url-1 = {http://dx.doi.org/10.1086/500531}}

@article{2006ApJ...641...50W,
	Adsnote = {Provided by the SAO/NASA Astrophysics Data System},
	Adsurl = {http://adsabs.harvard.edu/abs/2006ApJ...641...50W},
	Author = {{Wang}, L. and {Strovink}, M. and {Conley}, A. and {Goldhaber}, G. and {Kowalski}, M. and {Perlmutter}, S. and {Siegrist}, J.},
	Doi = {10.1086/500422},
	Eprint = {arXiv:astro-ph/0512370},
	Journal = {\apj},
	Keywords = {Cosmology: Observations, Cosmology: Distance Scale, Stars: Supernovae: General},
	Month = apr,
	Pages = {50-69},
	Title = {{Nonlinear Decline-Rate Dependence and Intrinsic Variation of Type Ia Supernova Luminosities}},
	Volume = 641,
	Year = 2006,
	Bdsk-Url-1 = {http://dx.doi.org/10.1086/500422}}

@article{2006AJ....131.1648B,
	Adsnote = {Provided by the SAO/NASA Astrophysics Data System},
	Adsurl = {http://adsabs.harvard.edu/abs/2006AJ....131.1648B},
	Author = {{Blondin}, S. and {Dessart}, L. and {Leibundgut}, B. and {Branch}, D. and {H{\"o}flich}, P. and {Tonry}, J.~L. and {Matheson}, T. and {Foley}, R.~J. and {Chornock}, R. and {Filippenko}, A.~V. and {Sollerman}, J. and {Spyromilio}, J. and {Kirshner}, R.~P. and {Wood-Vasey}, W.~M. and {Clocchiatti}, A. and {Aguilera}, C. and {Barris}, B. and {Becker}, A.~C. and {Challis}, P. and {Covarrubias}, R. and {Davis}, T.~M. and {Garnavich}, P. and {Hicken}, M. and {Jha}, S. and {Krisciunas}, K. and {Li}, W. and {Miceli}, A. and {Miknaitis}, G. and {Pignata}, G. and {Prieto}, J.~L. and {Rest}, A. and {Riess}, A.~G. and {Salvo}, M.~E. and {Schmidt}, B.~P. and {Smith}, R.~C. and {Stubbs}, C.~W. and {Suntzeff}, N.~B.},
	Doi = {10.1086/498724},
	Eprint = {arXiv:astro-ph/0510089},
	Journal = {\aj},
	Keywords = {Cosmology: Observations, Line: Formation, Line: Profiles, Stars: Supernovae: General},
	Month = mar,
	Pages = {1648-1666},
	Title = {{Using Line Profiles to Test the Fraternity of Type Ia Supernovae at High and Low Redshifts}},
	Volume = 131,
	Year = 2006,
	Bdsk-Url-1 = {http://dx.doi.org/10.1086/498724}}

@article{2006A&A...447...31A,
	Adsnote = {Provided by the SAO/NASA Astrophysics Data System},
	Adsurl = {http://adsabs.harvard.edu/abs/2006A%26A...447...31A},
	Author = {{Astier}, P. and {Guy}, J. and {Regnault}, N. and {Pain}, R. and {Aubourg}, E. and {Balam}, D. and {Basa}, S. and {Carlberg}, R.~G. and {Fabbro}, S. and {Fouchez}, D. and {Hook}, I.~M. and {Howell}, D.~A. and {Lafoux}, H. and {Neill}, J.~D. and {Palanque-Delabrouille}, N. and {Perrett}, K. and {Pritchet}, C.~J. and {Rich}, J. and {Sullivan}, M. and {Taillet}, R. and {Aldering}, G. and {Antilogus}, P. and {Arsenijevic}, V. and {Balland}, C. and {Baumont}, S. and {Bronder}, J. and {Courtois}, H. and {Ellis}, R.~S. and {Filiol}, M. and {Gon{\c c}alves}, A.~C. and {Goobar}, A. and {Guide}, D. and {Hardin}, D. and {Lusset}, V. and {Lidman}, C. and {McMahon}, R. and {Mouchet}, M. and {Mourao}, A. and {Perlmutter}, S. and {Ripoche}, P. and {Tao}, C. and {Walton}, N.},
	Doi = {10.1051/0004-6361:20054185},
	Eprint = {arXiv:astro-ph/0510447},
	Journal = {\aap},
	Keywords = {supernovae: general, cosmology: observations, cosmological parameters},
	Month = feb,
	Pages = {31-48},
	Title = {{The Supernova Legacy Survey: measurement of {$\Omega$}_{M}, {$\Omega$}_{Λ} and w from the first year data set}},
	Volume = 447,
	Year = 2006,
	Bdsk-Url-1 = {http://dx.doi.org/10.1051/0004-6361:20054185}}

@article{2006PASP..118....2H,
	Adsnote = {Provided by the SAO/NASA Astrophysics Data System},
	Adsurl = {http://adsabs.harvard.edu/abs/2006PASP..118....2H},
	Author = {{Hamuy}, M. and {Folatelli}, G. and {Morrell}, N.~I. and {Phillips}, M.~M. and {Suntzeff}, N.~B. and {Persson}, S.~E. and {Roth}, M. and {Gonzalez}, S. and {Krzeminski}, W. and {Contreras}, C. and {Freedman}, W.~L. and {Murphy}, D.~C. and {Madore}, B.~F. and {Wyatt}, P. and {Maza}, J. and {Filippenko}, A.~V. and {Li}, W. and {Pinto}, P.~A.},
	Doi = {10.1086/500228},
	Eprint = {arXiv:astro-ph/0512039},
	Journal = {\pasp},
	Keywords = {Stars: Supernovae: General, Techniques: Miscellaneous, Cosmology: Observations},
	Month = jan,
	Pages = {2-20},
	Title = {{The Carnegie Supernova Project: The Low-Redshift Survey}},
	Volume = 118,
	Year = 2006,
	Bdsk-Url-1 = {http://dx.doi.org/10.1086/500228}}

@article{2006A&A...445..387B,
	Adsnote = {Provided by the SAO/NASA Astrophysics Data System},
	Adsurl = {http://adsabs.harvard.edu/abs/2006A%26A...445..387B},
	Author = {{Balland}, C. and {Mouchet}, M. and {Pain}, R. and {Walton}, N.~A. and {Amanullah}, R. and {Astier}, P. and {Ellis}, R.~S. and {Fabbro}, S. and {Goobar}, A. and {Hardin}, D. and {Hook}, I.~M. and {Irwin}, M.~J. and {McMahon}, R.~G. and {Mendez}, J.~M. and {Ruiz-Lapuente}, P. and {Sainton}, G. and {Schahmaneche}, K. and {Stanishev}, V.},
	Doi = {10.1051/0004-6361:20053552},
	Eprint = {arXiv:astro-ph/0507703},
	Journal = {\aap},
	Keywords = {cosmology: observations, supernovae: general},
	Month = jan,
	Pages = {387-402},
	Title = {{Spectroscopy of twelve type Ia supernovae at intermediate redshift}},
	Volume = 445,
	Year = 2006,
	Bdsk-Url-1 = {http://dx.doi.org/10.1051/0004-6361:20053552}}

@article{2005AJ....130.2788H,
	Adsnote = {Provided by the SAO/NASA Astrophysics Data System},
	Adsurl = {http://adsabs.harvard.edu/abs/2005AJ....130.2788H},
	Author = {{Hook}, I.~M. and {Howell}, D.~A. and {Aldering}, G. and {Amanullah}, R. and {Burns}, M.~S. and {Conley}, A. and {Deustua}, S.~E. and {Ellis}, R. and {Fabbro}, S. and {Fadeyev}, V. and {Folatelli}, G. and {Garavini}, G. and {Gibbons}, R. and {Goldhaber}, G. and {Goobar}, A. and {Groom}, D.~E. and {Kim}, A.~G. and {Knop}, R.~A. and {Kowalski}, M. and {Lidman}, C. and {Nobili}, S. and {Nugent}, P.~E. and {Pain}, R. and {Pennypacker}, C.~R. and {Perlmutter}, S. and {Ruiz-Lapuente}, P. and {Sainton}, G. and {Schaefer}, B.~E. and {Smith}, E. and {Spadafora}, A.~L. and {Stanishev}, V. and {Thomas}, R.~C. and {Walton}, N.~A. and {Wang}, L. and {Wood-Vasey}, W.~M.},
	Doi = {10.1086/497635},
	Eprint = {arXiv:astro-ph/0509041},
	Journal = {\aj},
	Keywords = {Cosmology: Distance Scale, Stars: Distances, Stars: Supernovae: General},
	Month = dec,
	Pages = {2788-2803},
	Title = {{Spectra of High-Redshift Type Ia Supernovae and a Comparison with Their Low-Redshift Counterparts}},
	Volume = 130,
	Year = 2005,
	Bdsk-Url-1 = {http://dx.doi.org/10.1086/497635}}

@article{2005ApJ...633..560E,
	Adsnote = {Provided by the SAO/NASA Astrophysics Data System},
	Adsurl = {http://adsabs.harvard.edu/abs/2005ApJ...633..560E},
	Author = {{Eisenstein}, D.~J. and {Zehavi}, I. and {Hogg}, D.~W. and {Scoccimarro}, R. and {Blanton}, M.~R. and {Nichol}, R.~C. and {Scranton}, R. and {Seo}, H.-J. and {Tegmark}, M. and {Zheng}, Z. and {Anderson}, S.~F. and {Annis}, J. and {Bahcall}, N. and {Brinkmann}, J. and {Burles}, S. and {Castander}, F.~J. and {Connolly}, A. and {Csabai}, I. and {Doi}, M. and {Fukugita}, M. and {Frieman}, J.~A. and {Glazebrook}, K. and {Gunn}, J.~E. and {Hendry}, J.~S. and {Hennessy}, G. and {Ivezi{\'c}}, Z. and {Kent}, S. and {Knapp}, G.~R. and {Lin}, H. and {Loh}, Y.-S. and {Lupton}, R.~H. and {Margon}, B. and {McKay}, T.~A. and {Meiksin}, A. and {Munn}, J.~A. and {Pope}, A. and {Richmond}, M.~W. and {Schlegel}, D. and {Schneider}, D.~P. and {Shimasaku}, K. and {Stoughton}, C. and {Strauss}, M.~A. and {SubbaRao}, M. and {Szalay}, A.~S. and {Szapudi}, I. and {Tucker}, D.~L. and {Yanny}, B. and {York}, D.~G.},
	Doi = {10.1086/466512},
	Eprint = {arXiv:astro-ph/0501171},
	Journal = {\apj},
	Keywords = {Cosmology: Cosmic Microwave Background, Cosmology: Cosmological Parameters, Cosmology: Observations, Cosmology: Distance Scale, Galaxies: Elliptical and Lenticular, cD, Cosmology: Large-Scale Structure of Universe},
	Month = nov,
	Pages = {560-574},
	Title = {{Detection of the Baryon Acoustic Peak in the Large-Scale Correlation Function of SDSS Luminous Red Galaxies}},
	Volume = 633,
	Year = 2005,
	Bdsk-Url-1 = {http://dx.doi.org/10.1086/466512}}

@article{2005A&A...437..789N,
	Adsnote = {Provided by the SAO/NASA Astrophysics Data System},
	Adsurl = {http://adsabs.harvard.edu/abs/2005A%26A...437..789N},
	Author = {{Nobili}, S. and {Amanullah}, R. and {Garavini}, G. and {Goobar}, A. and {Lidman}, C. and {Stanishev}, V. and {Aldering}, G. and {Antilogus}, P. and {Astier}, P. and {Burns}, M.~S. and {Conley}, A. and {Deustua}, S.~E. and {Ellis}, R. and {Fabbro}, S. and {Fadeyev}, V. and {Folatelli}, G. and {Gibbons}, R. and {Goldhaber}, G. and {Groom}, D.~E. and {Hook}, I. and {Howell}, D.~A. and {Kim}, A.~G. and {Knop}, R.~A. and {Nugent}, P.~E. and {Pain}, R. and {Perlmutter}, S. and {Quimby}, R. and {Raux}, J. and {Regnault}, N. and {Ruiz-Lapuente}, P. and {Sainton}, G. and {Schahmaneche}, K. and {Smith}, E. and {Spadafora}, A.~L. and {Thomas}, R.~C. and {Wang}, L. and {The Supernova Cosmology Project}},
	Doi = {10.1051/0004-6361:20042463},
	Eprint = {arXiv:astro-ph/0504139},
	Journal = {\aap},
	Keywords = {cosmology: observations, stars: supernovae: general},
	Month = jul,
	Pages = {789-804},
	Title = {{Restframe I-band Hubble diagram for type Ia supernovae up to redshift z {\tilde} 0.5}},
	Volume = 437,
	Year = 2005,
	Bdsk-Url-1 = {http://dx.doi.org/10.1051/0004-6361:20042463}}

@article{2005AJ....129.2352M,
	Adsnote = {Provided by the SAO/NASA Astrophysics Data System},
	Adsurl = {http://adsabs.harvard.edu/abs/2005AJ....129.2352M},
	Author = {{Matheson}, T. and {Blondin}, S. and {Foley}, R.~J. and {Chornock}, R. and {Filippenko}, A.~V. and {Leibundgut}, B. and {Smith}, R.~C. and {Sollerman}, J. and {Spyromilio}, J. and {Kirshner}, R.~P. and {Clocchiatti}, A. and {Aguilera}, C. and {Barris}, B. and {Becker}, A.~C. and {Challis}, P. and {Covarrubias}, R. and {Garnavich}, P. and {Hicken}, M. and {Jha}, S. and {Krisciunas}, K. and {Li}, W. and {Miceli}, A. and {Miknaitis}, G. and {Prieto}, J.~L. and {Rest}, A. and {Riess}, A.~G. and {Salvo}, M.~E. and {Schmidt}, B.~P. and {Stubbs}, C.~W. and {Suntzeff}, N.~B. and {Tonry}, J.~L.},
	Doi = {10.1086/429679},
	Eprint = {arXiv:astro-ph/0411357},
	Journal = {\aj},
	Keywords = {Cosmology: Distance Scale, Galaxies: Distances and Redshifts, Stars: Supernovae: General},
	Month = may,
	Pages = {2352-2375},
	Title = {{Spectroscopy of High-Redshift Supernovae from the ESSENCE Project: The First 2 Years}},
	Volume = 129,
	Year = 2005,
	Bdsk-Url-1 = {http://dx.doi.org/10.1086/429679}}

@inproceedings{2004SPIE.5492.1653M,
	Adsnote = {Provided by the SAO/NASA Astrophysics Data System},
	Adsurl = {http://adsabs.harvard.edu/abs/2004SPIE.5492.1653M},
	Author = {{Martini}, P. and {Persson}, S.~E. and {Murphy}, D.~C. and {Birk}, C. and {Shectman}, S.~A. and {Gunnels}, S.~M. and {Koch}, E.},
	Booktitle = {Society of Photo-Optical Instrumentation Engineers (SPIE) Conference Series},
	Date-Modified = {2009-08-28 10:32:44 -0700},
	Doi = {10.1117/12.551828},
	Editor = {{Moorwood}, A.~F.~M. and {Iye}, M.},
	Keywords = {NEAR INFRARED RADIATION,Instrumentation},
	Month = sep,
	Pages = {1653-1660},
	Series = {Society of Photo-Optical Instrumentation Engineers (SPIE) Conference Series},
	Title = {{PANIC: a near-infrared camera for the Magellan telescopes}},
	Volume = 5492,
	Year = 2004,
	Bdsk-Url-1 = {http://dx.doi.org/10.1117/12.551828}}

@article{2004JCAP...09..009C,
	Adsnote = {Provided by the SAO/NASA Astrophysics Data System},
	Adsurl = {http://adsabs.harvard.edu/abs/2004JCAP...09..009C},
	Author = {{Caldwell}, R.~R. and {Kamionkowski}, M.},
	Date-Modified = {2009-08-28 10:31:21 -0700},
	Doi = {10.1088/1475-7516/2004/09/009},
	Eprint = {arXiv:astro-ph/0403003},
	Journal = {Journal of Cosmology and Astro-Particle Physics},
	Keywords = {Cosmology,General Relativity},
	Month = sep,
	Pages = {9-+},
	Title = {{Expansion, geometry, and gravity}},
	Volume = 9,
	Year = 2004,
	Bdsk-Url-1 = {http://dx.doi.org/10.1088/1475-7516/2004/09/009}}

@article{2004ApJ...607..665R,
	Adsnote = {Provided by the SAO/NASA Astrophysics Data System},
	Adsurl = {http://adsabs.harvard.edu/abs/2004ApJ...607..665R},
	Author = {{Riess}, A.~G. and {Strolger}, L.-G. and {Tonry}, J. and {Casertano}, S. and {Ferguson}, H.~C. and {Mobasher}, B. and {Challis}, P. and {Filippenko}, A.~V. and {Jha}, S. and {Li}, W. and {Chornock}, R. and {Kirshner}, R.~P. and {Leibundgut}, B. and {Dickinson}, M. and {Livio}, M. and {Giavalisco}, M. and {Steidel}, C.~C. and {Ben{\'{\i}}tez}, T. and {Tsvetanov}, Z.},
	Doi = {10.1086/383612},
	Eprint = {arXiv:astro-ph/0402512},
	Journal = {\apj},
	Keywords = {Cosmology: Observations, Cosmology: Distance Scale, Galaxies: Distances and Redshifts, Stars: Supernovae: General},
	Month = jun,
	Pages = {665-687},
	Title = {{Type Ia Supernova Discoveries at z {\gt} 1 from the Hubble Space Telescope: Evidence for Past Deceleration and Constraints on Dark Energy Evolution}},
	Volume = 607,
	Year = 2004,
	Bdsk-Url-1 = {http://dx.doi.org/10.1086/383612}}

@article{2004AJ....127.3508B,
	Adsnote = {Provided by the SAO/NASA Astrophysics Data System},
	Adsurl = {http://adsabs.harvard.edu/abs/2004AJ....127.3508B},
	Author = {{Bohlin}, R.~C. and {Gilliland}, R.~L.},
	Doi = {10.1086/420715},
	Journal = {\aj},
	Keywords = {Stars: Fundamental Parameters, Stars: Individual: Name: Vega, Techniques: Spectroscopic},
	Month = jun,
	Pages = {3508-3515},
	Title = {{Hubble Space Telescope Absolute Spectrophotometry of Vega from the Far-Ultraviolet to the Infrared}},
	Volume = 127,
	Year = 2004,
	Bdsk-Url-1 = {http://dx.doi.org/10.1086/420715}}

@inproceedings{2004mmu..symp..377B,
	Adsnote = {Provided by the SAO/NASA Astrophysics Data System},
	Adsurl = {http://adsabs.harvard.edu/abs/2004mmu..symp..377B},
	Author = {{Blandford}, R.~D.},
	Booktitle = {Measuring and Modeling the Universe},
	Date-Modified = {2009-08-28 10:32:26 -0700},
	Editor = {{Freedman}, W.~L.},
	Keywords = {Cosmology,Cosmological Parameters},
	Pages = {377-+},
	Title = {{Measuring and Modeling the Universe: A Theoretical Perspective}},
	Year = 2004}

@article{2003MNRAS.346...78H,
	Adsnote = {Provided by the SAO/NASA Astrophysics Data System},
	Adsurl = {http://adsabs.harvard.edu/abs/2003MNRAS.346...78H},
	Author = {{Hawkins}, E. and {Maddox}, S. and {Cole}, S. and {Lahav}, O. and {Madgwick}, D.~S. and {Norberg}, P. and {Peacock}, J.~A. and {Baldry}, I.~K. and {Baugh}, C.~M. and {Bland-Hawthorn}, J. and {Bridges}, T. and {Cannon}, R. and {Colless}, M. and {Collins}, C. and {Couch}, W. and {Dalton}, G. and {De Propris}, R. and {Driver}, S.~P. and {Efstathiou}, G. and {Ellis}, R.~S. and {Frenk}, C.~S. and {Glazebrook}, K. and {Jackson}, C. and {Jones}, B. and {Lewis}, I. and {Lumsden}, S. and {Percival}, W. and {Peterson}, B.~A. and {Sutherland}, W. and {Taylor}, K.},
	Date-Modified = {2009-08-28 10:33:01 -0700},
	Doi = {10.1046/j.1365-2966.2003.07063.x},
	Eprint = {arXiv:astro-ph/0212375},
	Journal = {\mnras},
	Keywords = {Surveys,Cosmology},
	Month = nov,
	Pages = {78-96},
	Title = {{The 2dF Galaxy Redshift Survey: correlation functions, peculiar velocities and the matter density of the Universe}},
	Volume = 346,
	Year = 2003,
	Bdsk-Url-1 = {http://dx.doi.org/10.1046/j.1365-2966.2003.07063.x}}

@article{2003ApJ...598..102K,
	Adsnote = {Provided by the SAO/NASA Astrophysics Data System},
	Adsurl = {http://adsabs.harvard.edu/abs/2003ApJ...598..102K},
	Author = {{Knop}, R.~A. and {Aldering}, G. and {Amanullah}, R. and {Astier}, P. and {Blanc}, G. and {Burns}, M.~S. and {Conley}, A. and {Deustua}, S.~E. and {Doi}, M. and {Ellis}, R. and {Fabbro}, S. and {Folatelli}, G. and {Fruchter}, A.~S. and {Garavini}, G. and {Garmond}, S. and {Garton}, K. and {Gibbons}, R. and {Goldhaber}, G. and {Goobar}, A. and {Groom}, D.~E. and {Hardin}, D. and {Hook}, I. and {Howell}, D.~A. and {Kim}, A.~G. and {Lee}, B.~C. and {Lidman}, C. and {Mendez}, J. and {Nobili}, S. and {Nugent}, P.~E. and {Pain}, R. and {Panagia}, N. and {Pennypacker}, C.~R. and {Perlmutter}, S. and {Quimby}, R. and {Raux}, J. and {Regnault}, N. and {Ruiz-Lapuente}, P. and {Sainton}, G. and {Schaefer}, B. and {Schahmaneche}, K. and {Smith}, E. and {Spadafora}, A.~L. and {Stanishev}, V. and {Sullivan}, M. and {Walton}, N.~A. and {Wang}, L. and {Wood-Vasey}, W.~M. and {Yasuda}, N.},
	Doi = {10.1086/378560},
	Eprint = {arXiv:astro-ph/0309368},
	Journal = {\apj},
	Keywords = {Cosmology: Cosmological Parameters, Cosmology: Observations, Stars: Supernovae: General},
	Month = nov,
	Pages = {102-137},
	Title = {{New Constraints on {$\Omega$}_{M}, {$\Omega$}_{Λ}, and w from an Independent Set of 11 High-Redshift Supernovae Observed with the Hubble Space Telescope}},
	Volume = 598,
	Year = 2003,
	Bdsk-Url-1 = {http://dx.doi.org/10.1086/378560}}

@article{2003ApJS..148..175S,
	Adsnote = {Provided by the SAO/NASA Astrophysics Data System},
	Adsurl = {http://adsabs.harvard.edu/abs/2003ApJS..148..175S},
	Author = {{Spergel}, D.~N. and {Verde}, L. and {Peiris}, H.~V. and {Komatsu}, E. and {Nolta}, M.~R. and {Bennett}, C.~L. and {Halpern}, M. and {Hinshaw}, G. and {Jarosik}, N. and {Kogut}, A. and {Limon}, M. and {Meyer}, S.~S. and {Page}, L. and {Tucker}, G.~S. and {Weiland}, J.~L. and {Wollack}, E. and {Wright}, E.~L.},
	Doi = {10.1086/377226},
	Eprint = {arXiv:astro-ph/0302209},
	Journal = {\apjs},
	Keywords = {Cosmology: Cosmic Microwave Background, Cosmology: Cosmological Parameters- Cosmology: Observations, Cosmology: Early Universe},
	Month = sep,
	Pages = {175-194},
	Title = {{First-Year Wilkinson Microwave Anisotropy Probe (WMAP) Observations: Determination of Cosmological Parameters}},
	Volume = 148,
	Year = 2003,
	Bdsk-Url-1 = {http://dx.doi.org/10.1086/377226}}

@article{2003MNRAS.340.1057S,
	Adsnote = {Provided by the SAO/NASA Astrophysics Data System},
	Adsurl = {http://adsabs.harvard.edu/abs/2003MNRAS.340.1057S},
	Author = {{Sullivan}, M. and {Ellis}, R.~S. and {Aldering}, G. and {Amanullah}, R. and {Astier}, P. and {Blanc}, G. and {Burns}, M.~S. and {Conley}, A. and {Deustua}, S.~E. and {Doi}, M. and {Fabbro}, S. and {Folatelli}, G. and {Fruchter}, A.~S. and {Garavini}, G. and {Gibbons}, R. and {Goldhaber}, G. and {Goobar}, A. and {Groom}, D.~E. and {Hardin}, D. and {Hook}, I. and {Howell}, D.~A. and {Irwin}, M. and {Kim}, A.~G. and {Knop}, R.~A. and {Lidman}, C. and {McMahon}, R. and {Mendez}, J. and {Nobili}, S. and {Nugent}, P.~E. and {Pain}, R. and {Panagia}, N. and {Pennypacker}, C.~R. and {Perlmutter}, S. and {Quimby}, R. and {Raux}, J. and {Regnault}, N. and {Ruiz-Lapuente}, P. and {Schaefer}, B. and {Schahmaneche}, K. and {Spadafora}, A.~L. and {Walton}, N.~A. and {Wang}, L. and {Wood-Vasey}, W.~M. and {Yasuda}, N.},
	Doi = {10.1046/j.1365-8711.2003.06312.x},
	Eprint = {arXiv:astro-ph/0211444},
	Journal = {\mnras},
	Keywords = {supernovae: general, cosmological parameters, cosmology: observations, distance scale},
	Month = apr,
	Pages = {1057-1075},
	Title = {{The Hubble diagram of type Ia supernovae as a function of host galaxy morphology}},
	Volume = 340,
	Year = 2003,
	Bdsk-Url-1 = {http://dx.doi.org/10.1046/j.1365-8711.2003.06312.x}}

@article{2003Sci...299...65K,
	Adsnote = {Provided by the SAO/NASA Astrophysics Data System},
	Adsurl = {http://adsabs.harvard.edu/abs/2003Sci...299...65K},
	Author = {{Krauss}, L.~M. and {Chaboyer}, B.},
	Date-Modified = {2009-08-28 10:30:04 -0700},
	Doi = {10.1126/science.1075631},
	Journal = {Science},
	Keywords = {Cosmology,Age},
	Month = jan,
	Pages = {65-70},
	Title = {{Age Estimates of Globular Clusters in the Milky Way: Constraints on Cosmology}},
	Volume = 299,
	Year = 2003,
	Bdsk-Url-1 = {http://dx.doi.org/10.1126/science.1075631}}

@article{2003ARA&A..41..241D,
	Adsnote = {Provided by the SAO/NASA Astrophysics Data System},
	Adsurl = {http://adsabs.harvard.edu/abs/2003ARA%26A..41..241D},
	Author = {{Draine}, B.~T.},
	Date-Modified = {2009-08-28 10:32:03 -0700},
	Doi = {10.1146/annurev.astro.41.011802.094840},
	Eprint = {arXiv:astro-ph/0304489},
	Journal = {\araa},
	Keywords = {Dust},
	Pages = {241-289},
	Title = {{Interstellar Dust Grains}},
	Volume = 41,
	Year = 2003,
	Bdsk-Url-1 = {http://dx.doi.org/10.1146/annurev.astro.41.011802.094840}}

@article{2002PASP..114..803N,
	Adsnote = {Provided by the SAO/NASA Astrophysics Data System},
	Adsurl = {http://adsabs.harvard.edu/abs/2002PASP..114..803N},
	Author = {{Nugent}, P. and {Kim}, A. and {Perlmutter}, S.},
	Doi = {10.1086/341707},
	Eprint = {arXiv:astro-ph/0205351},
	Journal = {\pasp},
	Keywords = {Cosmology: Observations, Stars: Supernovae: General},
	Month = aug,
	Pages = {803-819},
	Title = {{K-Corrections and Extinction Corrections for Type Ia Supernovae}},
	Volume = 114,
	Year = 2002,
	Bdsk-Url-1 = {http://dx.doi.org/10.1086/341707}}

@article{2002ApJ...574..740T,
	Adsnote = {Provided by the SAO/NASA Astrophysics Data System},
	Adsurl = {http://adsabs.harvard.edu/abs/2002ApJ...574..740T},
	Author = {{Tremaine}, S. and {Gebhardt}, K. and {Bender}, R. and {Bower}, G. and {Dressler}, A. and {Faber}, S.~M. and {Filippenko}, A.~V. and {Green}, R. and {Grillmair}, C. and {Ho}, L.~C. and {Kormendy}, J. and {Lauer}, T.~R. and {Magorrian}, J. and {Pinkney}, J. and {Richstone}, D.},
	Doi = {10.1086/341002},
	Eprint = {arXiv:astro-ph/0203468},
	Journal = {\apj},
	Keywords = {Black Hole Physics, Galaxies: Bulges, Galaxies: Fundamental Parameters, Galaxies: Nuclei, Galaxy: Bulge, Galaxy: Kinematics and Dynamics},
	Month = aug,
	Pages = {740-753},
	Title = {{The Slope of the Black Hole Mass versus Velocity Dispersion Correlation}},
	Volume = 574,
	Year = 2002,
	Bdsk-Url-1 = {http://dx.doi.org/10.1086/341002}}

@article{2002PASP..114..708H,
	Adsnote = {Provided by the SAO/NASA Astrophysics Data System},
	Adsurl = {http://adsabs.harvard.edu/abs/2002PASP..114..708H},
	Author = {{Hillenbrand}, L.~A. and {Foster}, J.~B. and {Persson}, S.~E. and {Matthews}, K.},
	Doi = {10.1086/341699},
	Eprint = {arXiv:astro-ph/0204329},
	Journal = {\pasp},
	Keywords = {ISM: Dust, Extinction, infrared: stars, Instrumentation: Photometers, Stars: General, Stars: Low-Mass, Brown Dwarfs},
	Month = jul,
	Pages = {708-720},
	Title = {{The Y Band at 1.035 Microns: Photometric Calibration and the DwarfStellar/Substellar Color Sequence}},
	Volume = 114,
	Year = 2002,
	Bdsk-Url-1 = {http://dx.doi.org/10.1086/341699}}

@article{2002AJ....123.2121S,
	Adsnote = {Provided by the SAO/NASA Astrophysics Data System},
	Adsurl = {http://adsabs.harvard.edu/abs/2002AJ....123.2121S},
	Author = {{Smith}, J.~A. and {Tucker}, D.~L. and {Kent}, S. and {Richmond}, M.~W. and {Fukugita}, M. and {Ichikawa}, T. and {Ichikawa}, S.-i. and {Jorgensen}, A.~M. and {Uomoto}, A. and {Gunn}, J.~E. and {Hamabe}, M. and {Watanabe}, M. and {Tolea}, A. and {Henden}, A. and {Annis}, J. and {Pier}, J.~R. and {McKay}, T.~A. and {Brinkmann}, J. and {Chen}, B. and {Holtzman}, J. and {Shimasaku}, K. and {York}, D.~G.},
	Doi = {10.1086/339311},
	Eprint = {arXiv:astro-ph/0201143},
	Journal = {\aj},
	Keywords = {Catalogs, Standards, Stars: Fundamental Parameters},
	Month = apr,
	Pages = {2121-2144},
	Title = {{The u'g'r'i'z' Standard-Star System}},
	Volume = 123,
	Year = 2002,
	Bdsk-Url-1 = {http://dx.doi.org/10.1086/339311}}

@article{2001AJ....122.1616K,
	Adsnote = {Provided by the SAO/NASA Astrophysics Data System},
	Adsurl = {http://adsabs.harvard.edu/abs/2001AJ....122.1616K},
	Author = {{Krisciunas}, K. and {Phillips}, M.~M. and {Stubbs}, C. and {Rest}, A. and {Miknaitis}, G. and {Riess}, A.~G. and {Suntzeff}, N.~B. and {Roth}, M. and {Persson}, S.~E. and {Freedman}, W.~L.},
	Doi = {10.1086/322120},
	Eprint = {arXiv:astro-ph/0106088},
	Journal = {\aj},
	Keywords = {Stars: Supernovae: General, supernovae: individual (1999da, 1999dk, 1999gp, 2000bk, 2000ce)},
	Month = sep,
	Pages = {1616-1631},
	Title = {{Optical and Infrared Photometry of the Type Ia Supernovae 1999da, 1999dk, 1999gp, 2000bk, and 2000ce}},
	Volume = 122,
	Year = 2001,
	Bdsk-Url-1 = {http://dx.doi.org/10.1086/322120}}

@article{2001ApJ...553...47F,
	Adsnote = {Provided by the SAO/NASA Astrophysics Data System},
	Adsurl = {http://adsabs.harvard.edu/abs/2001ApJ...553...47F},
	Author = {{Freedman}, W.~L. and {Madore}, B.~F. and {Gibson}, B.~K. and {Ferrarese}, L. and {Kelson}, D.~D. and {Sakai}, S. and {Mould}, J.~R. and {Kennicutt}, Jr., R.~C. and {Ford}, H.~C. and {Graham}, J.~A. and {Huchra}, J.~P. and {Hughes}, S.~M.~G. and {Illingworth}, G.~D. and {Macri}, L.~M. and {Stetson}, P.~B.},
	Doi = {10.1086/320638},
	Eprint = {arXiv:astro-ph/0012376},
	Journal = {\apj},
	Keywords = {Stars: Variables: Cepheids, Cosmology: Observations, Cosmology: Distance Scale, Galaxies: Distances and Redshifts},
	Month = may,
	Pages = {47-72},
	Title = {{Final Results from the Hubble Space Telescope Key Project to Measure the Hubble Constant}},
	Volume = 553,
	Year = 2001,
	Bdsk-Url-1 = {http://dx.doi.org/10.1086/320638}}

@article{2000AJ....120.1579Y,
	Adsnote = {Provided by the SAO/NASA Astrophysics Data System},
	Adsurl = {http://adsabs.harvard.edu/abs/2000AJ....120.1579Y},
	Author = {{York}, D.~G. and {Adelman}, J. and {Anderson}, Jr., J.~E. and {Anderson}, S.~F. and {Annis}, J. and {Bahcall}, N.~A. and {Bakken}, J.~A. and {Barkhouser}, R. and {Bastian}, S. and {Berman}, E. and {Boroski}, W.~N. and {Bracker}, S. and {Briegel}, C. and {Briggs}, J.~W. and {Brinkmann}, J. and {Brunner}, R. and {Burles}, S. and {Carey}, L. and {Carr}, M.~A. and {Castander}, F.~J. and {Chen}, B. and {Colestock}, P.~L. and {Connolly}, A.~J. and {Crocker}, J.~H. and {Csabai}, I. and {Czarapata}, P.~C. and {Davis}, J.~E. and {Doi}, M. and {Dombeck}, T. and {Eisenstein}, D. and {Ellman}, N. and {Elms}, B.~R. and {Evans}, M.~L. and {Fan}, X. and {Federwitz}, G.~R. and {Fiscelli}, L. and {Friedman}, S. and {Frieman}, J.~A. and {Fukugita}, M. and {Gillespie}, B. and {Gunn}, J.~E. and {Gurbani}, V.~K. and {de Haas}, E. and {Haldeman}, M. and {Harris}, F.~H. and {Hayes}, J. and {Heckman}, T.~M. and {Hennessy}, G.~S. and {Hindsley}, R.~B. and {Holm}, S. and {Holmgren}, D.~J. and {Huang}, C.-h. and {Hull}, C. and {Husby}, D. and {Ichikawa}, S.-I. and {Ichikawa}, T. and {Ivezi{\'c}}, {\v Z}. and {Kent}, S. and {Kim}, R.~S.~J. and {Kinney}, E. and {Klaene}, M. and {Kleinman}, A.~N. and {Kleinman}, S. and {Knapp}, G.~R. and {Korienek}, J. and {Kron}, R.~G. and {Kunszt}, P.~Z. and {Lamb}, D.~Q. and {Lee}, B. and {Leger}, R.~F. and {Limmongkol}, S. and {Lindenmeyer}, C. and {Long}, D.~C. and {Loomis}, C. and {Loveday}, J. and {Lucinio}, R. and {Lupton}, R.~H. and {MacKinnon}, B. and {Mannery}, E.~J. and {Mantsch}, P.~M. and {Margon}, B. and {McGehee}, P. and {McKay}, T.~A. and {Meiksin}, A. and {Merelli}, A. and {Monet}, D.~G. and {Munn}, J.~A. and {Narayanan}, V.~K. and {Nash}, T. and {Neilsen}, E. and {Neswold}, R. and {Newberg}, H.~J. and {Nichol}, R.~C. and {Nicinski}, T. and {Nonino}, M. and {Okada}, N. and {Okamura}, S. and {Ostriker}, J.~P. and {Owen}, R. and {Pauls}, A.~G. and {Peoples}, J. and {Peterson}, R.~L. and {Petravick}, D. and {Pier}, J.~R. and {Pope}, A. and {Pordes}, R. and {Prosapio}, A. and {Rechenmacher}, R. and {Quinn}, T.~R. and {Richards}, G.~T. and {Richmond}, M.~W. and {Rivetta}, C.~H. and {Rockosi}, C.~M. and {Ruthmansdorfer}, K. and {Sandford}, D. and {Schlegel}, D.~J. and {Schneider}, D.~P. and {Sekiguchi}, M. and {Sergey}, G. and {Shimasaku}, K. and {Siegmund}, W.~A. and {Smee}, S. and {Smith}, J.~A. and {Snedden}, S. and {Stone}, R. and {Stoughton}, C. and {Strauss}, M.~A. and {Stubbs}, C. and {SubbaRao}, M. and {Szalay}, A.~S. and {Szapudi}, I. and {Szokoly}, G.~P. and {Thakar}, A.~R. and {Tremonti}, C. and {Tucker}, D.~L. and {Uomoto}, A. and {Vanden Berk}, D. and {Vogeley}, M.~S. and {Waddell}, P. and {Wang}, S.-i. and {Watanabe}, M. and {Weinberg}, D.~H. and {Yanny}, B. and {Yasuda}, N.},
	Doi = {10.1086/301513},
	Eprint = {arXiv:astro-ph/0006396},
	Journal = {\aj},
	Keywords = {Cosmology: Observations, Instrumentation: Miscellaneous},
	Month = sep,
	Pages = {1579-1587},
	Title = {{The Sloan Digital Sky Survey: Technical Summary}},
	Volume = 120,
	Year = 2000,
	Bdsk-Url-1 = {http://dx.doi.org/10.1086/301513}}

@article{2000AJ....120.1479H,
	Adsnote = {Provided by the SAO/NASA Astrophysics Data System},
	Adsurl = {http://adsabs.harvard.edu/abs/2000AJ....120.1479H},
	Author = {{Hamuy}, M. and {Trager}, S.~C. and {Pinto}, P.~A. and {Phillips}, M.~M. and {Schommer}, R.~A. and {Ivanov}, V. and {Suntzeff}, N.~B.},
	Doi = {10.1086/301527},
	Eprint = {arXiv:astro-ph/0005213},
	Journal = {\aj},
	Keywords = {Cosmology: Distance Scale, Stars: Supernovae: General},
	Month = sep,
	Pages = {1479-1486},
	Title = {{A Search for Environmental Effects on Type IA Supernovae}},
	Volume = 120,
	Year = 2000,
	Bdsk-Url-1 = {http://dx.doi.org/10.1086/301527}}

@article{2000MNRAS.314..782M,
	Adsnote = {Provided by the SAO/NASA Astrophysics Data System},
	Adsurl = {http://adsabs.harvard.edu/abs/2000MNRAS.314..782M},
	Author = {{Meikle}, W.~P.~S.},
	Doi = {10.1046/j.1365-8711.2000.03411.x},
	Eprint = {arXiv:astro-ph/9912123},
	Journal = {\mnras},
	Keywords = {SUPERNOVAE: GENERAL, DISTANCE SCALE, INFRARED: STARS},
	Month = jun,
	Pages = {782-792},
	Title = {{The absolute infrared magnitudes of type Ia supernovae}},
	Volume = 314,
	Year = 2000,
	Bdsk-Url-1 = {http://dx.doi.org/10.1046/j.1365-8711.2000.03411.x}}

@article{2000ApJ...536...62R,
	Adsnote = {Provided by the SAO/NASA Astrophysics Data System},
	Adsurl = {http://adsabs.harvard.edu/abs/2000ApJ...536...62R},
	Author = {{Riess}, A.~G. and {Filippenko}, A.~V. and {Liu}, M.~C. and {Challis}, P. and {Clocchiatti}, A. and {Diercks}, A. and {Garnavich}, P.~M. and {Hogan}, C.~J. and {Jha}, S. and {Kirshner}, R.~P. and {Leibundgut}, B. and {Phillips}, M.~M. and {Reiss}, D. and {Schmidt}, B.~P. and {Schommer}, R.~A. and {Smith}, R.~C. and {Spyromilio}, J. and {Stubbs}, C. and {Suntzeff}, N.~B. and {Tonry}, J. and {Woudt}, P. and {Brunner}, R.~J. and {Dey}, A. and {Gal}, R. and {Graham}, J. and {Larkin}, J. and {Odewahn}, S.~C. and {Oppenheimer}, B.},
	Doi = {10.1086/308939},
	Eprint = {arXiv:astro-ph/0001384},
	Journal = {\apj},
	Keywords = {Cosmology: Observations, Cosmology: Distance Scale, Stars: Supernovae: General},
	Month = jun,
	Pages = {62-67},
	Title = {{Tests of the Accelerating Universe with Near-Infrared Observations of a High-Redshift Type IA Supernova}},
	Volume = 536,
	Year = 2000,
	Bdsk-Url-1 = {http://dx.doi.org/10.1086/308939}}

@article{2000ApJ...530..757P,
	Adsnote = {Provided by the SAO/NASA Astrophysics Data System},
	Adsurl = {http://adsabs.harvard.edu/abs/2000ApJ...530..757P},
	Author = {{Pinto}, P.~A. and {Eastman}, R.~G.},
	Doi = {10.1086/308380},
	Journal = {\apj},
	Keywords = {COSMOLOGY: DISTANCE SCALE, RADIATIVE TRANSFER, STARS: SUPERNOVAE: GENERAL},
	Month = feb,
	Pages = {757-776},
	Title = {{The Physics of Type IA Supernova Light Curves. II. Opacity and Diffusion}},
	Volume = 530,
	Year = 2000,
	Bdsk-Url-1 = {http://dx.doi.org/10.1086/308380}}

@article{1999ApJ...525..209T,
	Adsnote = {Provided by the SAO/NASA Astrophysics Data System},
	Adsurl = {http://adsabs.harvard.edu/abs/1999ApJ...525..209T},
	Author = {{Tripp}, R. and {Branch}, D.},
	Doi = {10.1086/307883},
	Eprint = {arXiv:astro-ph/9904347},
	Journal = {\apj},
	Keywords = {COSMOLOGY: DISTANCE SCALE, STARS: SUPERNOVAE: GENERAL},
	Month = nov,
	Pages = {209-214},
	Title = {{Determination of the Hubble Constant Using a Two-Parameter Luminosity Correction for Type IA Supernovae}},
	Volume = 525,
	Year = 1999,
	Bdsk-Url-1 = {http://dx.doi.org/10.1086/307883}}

@article{1999AJ....118.1766P,
	Adsnote = {Provided by the SAO/NASA Astrophysics Data System},
	Adsurl = {http://adsabs.harvard.edu/abs/1999AJ....118.1766P},
	Author = {{Phillips}, M.~M. and {Lira}, P. and {Suntzeff}, N.~B. and {Schommer}, R.~A. and {Hamuy}, M. and {Maza}, J.},
	Doi = {10.1086/301032},
	Eprint = {arXiv:astro-ph/9907052},
	Journal = {\aj},
	Keywords = {COSMOLOGY: DISTANCE SCALE, STARS: SUPERNOVAE: GENERAL},
	Month = oct,
	Pages = {1766-1776},
	Title = {{The Reddening-Free Decline Rate Versus Luminosity Relationship for Type IA Supernovae}},
	Volume = 118,
	Year = 1999,
	Bdsk-Url-1 = {http://dx.doi.org/10.1086/301032}}

@article{1999ApJ...517..565P,
	Adsnote = {Provided by the SAO/NASA Astrophysics Data System},
	Adsurl = {http://adsabs.harvard.edu/abs/1999ApJ...517..565P},
	Author = {{Perlmutter}, S. and {Aldering}, G. and {Goldhaber}, G. and {Knop}, R.~A. and {Nugent}, P. and {Castro}, P.~G. and {Deustua}, S. and {Fabbro}, S. and {Goobar}, A. and {Groom}, D.~E. and {Hook}, I.~M. and {Kim}, A.~G. and {Kim}, M.~Y. and {Lee}, J.~C. and {Nunes}, N.~J. and {Pain}, R. and {Pennypacker}, C.~R. and {Quimby}, R. and {Lidman}, C. and {Ellis}, R.~S. and {Irwin}, M. and {McMahon}, R.~G. and {Ruiz-Lapuente}, P. and {Walton}, N. and {Schaefer}, B. and {Boyle}, B.~J. and {Filippenko}, A.~V. and {Matheson}, T. and {Fruchter}, A.~S. and {Panagia}, N. and {Newberg}, H.~J.~M. and {Couch}, W.~J. and {The Supernova Cosmology Project}},
	Doi = {10.1086/307221},
	Eprint = {arXiv:astro-ph/9812133},
	Journal = {\apj},
	Keywords = {COSMOLOGY: OBSERVATIONS, COSMOLOGY: DISTANCE SCALE, STARS: SUPERNOVAE: GENERAL},
	Month = jun,
	Pages = {565-586},
	Title = {{Measurements of Omega and Lambda from 42 High-Redshift Supernovae}},
	Volume = 517,
	Year = 1999,
	Bdsk-Url-1 = {http://dx.doi.org/10.1086/307221}}

@article{1998AJ....116.2475P,
	Adsnote = {Provided by the SAO/NASA Astrophysics Data System},
	Adsurl = {http://adsabs.harvard.edu/abs/1998AJ....116.2475P},
	Author = {{Persson}, S.~E. and {Murphy}, D.~C. and {Krzeminski}, W. and {Roth}, M. and {Rieke}, M.~J.},
	Journal = {\aj},
	Keywords = {INFRARED RADIATION, STARS: GENERAL, TECHNIQUES: PHOTOMETRIC},
	Month = nov,
	Pages = {2475-2488},
	Title = {{A New System of Faint Near-Infrared Standard Stars}},
	Volume = 116,
	Year = 1998}

@article{1998ApJ...506L...1H,
	Adsnote = {Provided by the SAO/NASA Astrophysics Data System},
	Adsurl = {http://adsabs.harvard.edu/abs/1998ApJ...506L...1H},
	Author = {{Holz}, D.~E.},
	Doi = {10.1086/311631},
	Eprint = {arXiv:astro-ph/9806124},
	Journal = {\apjl},
	Keywords = {COSMOLOGY: OBSERVATIONS, COSMOLOGY: THEORY, COSMOLOGY: GRAVITATIONAL LENSING, METHODS: NUMERICAL, STARS: SUPERNOVAE: GENERAL},
	Month = oct,
	Pages = {L1-L5},
	Title = {{Lensing and High-z Supernova Surveys}},
	Volume = 506,
	Year = 1998,
	Bdsk-Url-1 = {http://dx.doi.org/10.1086/311631}}

@article{1998AJ....116.1009R,
	Adsnote = {Provided by the SAO/NASA Astrophysics Data System},
	Adsurl = {http://adsabs.harvard.edu/abs/1998AJ....116.1009R},
	Author = {{Riess}, A.~G. and {Filippenko}, A.~V. and {Challis}, P. and {Clocchiatti}, A. and {Diercks}, A. and {Garnavich}, P.~M. and {Gilliland}, R.~L. and {Hogan}, C.~J. and {Jha}, S. and {Kirshner}, R.~P. and {Leibundgut}, B. and {Phillips}, M.~M. and {Reiss}, D. and {Schmidt}, B.~P. and {Schommer}, R.~A. and {Smith}, R.~C. and {Spyromilio}, J. and {Stubbs}, C. and {Suntzeff}, N.~B. and {Tonry}, J.},
	Doi = {10.1086/300499},
	Eprint = {arXiv:astro-ph/9805201},
	Journal = {\aj},
	Keywords = {COSMOLOGY: OBSERVATIONS, STARS: SUPERNOVAE: GENERAL},
	Month = sep,
	Pages = {1009-1038},
	Title = {{Observational Evidence from Supernovae for an Accelerating Universe and a Cosmological Constant}},
	Volume = 116,
	Year = 1998,
	Bdsk-Url-1 = {http://dx.doi.org/10.1086/300499}}

@article{1998ApJ...500..525S,
	Adsnote = {Provided by the SAO/NASA Astrophysics Data System},
	Adsurl = {http://adsabs.harvard.edu/abs/1998ApJ...500..525S},
	Author = {{Schlegel}, D.~J. and {Finkbeiner}, D.~P. and {Davis}, M.},
	Doi = {10.1086/305772},
	Eprint = {arXiv:astro-ph/9710327},
	Journal = {\apj},
	Keywords = {COSMOLOGY: DIFFUSE RADIATION, COSMOLOGY: COSMIC MICROWAVE BACKGROUND, ISM: DUST, EXTINCTION, INTERPLANETARY MEDIUM, INFRARED: ISM: CONTINUUM},
	Month = jun,
	Pages = {525-+},
	Title = {{Maps of Dust Infrared Emission for Use in Estimation of Reddening and Cosmic Microwave Background Radiation Foregrounds}},
	Volume = 500,
	Year = 1998,
	Bdsk-Url-1 = {http://dx.doi.org/10.1086/305772}}

@article{1998MNRAS.296..339N,
	Adsnote = {Provided by the SAO/NASA Astrophysics Data System},
	Adsurl = {http://adsabs.harvard.edu/abs/1998MNRAS.296..339N},
	Author = {{Naylor}, T.},
	Doi = {10.1046/j.1365-8711.1998.01314.x},
	Journal = {\mnras},
	Keywords = {METHODS: DATA ANALYSIS, TECHNIQUES: IMAGE PROCESSING, TECHNIQUES: PHOTOMETRIC},
	Month = may,
	Pages = {339-346},
	Title = {{An optimal extraction algorithm for imaging photometry}},
	Volume = 296,
	Year = 1998,
	Bdsk-Url-1 = {http://dx.doi.org/10.1046/j.1365-8711.1998.01314.x}}

@article{1998A&A...331..815T,
	Adsnote = {Provided by the SAO/NASA Astrophysics Data System},
	Adsurl = {http://adsabs.harvard.edu/abs/1998A%26A...331..815T},
	Author = {{Tripp}, R.},
	Journal = {\aap},
	Keywords = {SUPERNOVAE: GENERAL, COSMOLOGY: OBSERVATIONS, DISTANCE SCALE},
	Month = mar,
	Pages = {815-820},
	Title = {{A two-parameter luminosity correction for Type IA supernovae}},
	Volume = 331,
	Year = 1998}

@article{1996ApJ...473...88R,
	Adsnote = {Provided by the SAO/NASA Astrophysics Data System},
	Adsurl = {http://adsabs.harvard.edu/abs/1996ApJ...473...88R},
	Author = {{Riess}, A.~G. and {Press}, W.~H. and {Kirshner}, R.~P.},
	Doi = {10.1086/178129},
	Eprint = {arXiv:astro-ph/9604143},
	Journal = {\apj},
	Keywords = {COSMOLOGY: DISTANCE SCALE, ISM: DUST, EXTINCTION, STARS: SUPERNOVAE: GENERAL},
	Month = dec,
	Pages = {88-+},
	Title = {{A Precise Distance Indicator: Type IA Supernova Multicolor Light-Curve Shapes}},
	Volume = 473,
	Year = 1996,
	Bdsk-Url-1 = {http://dx.doi.org/10.1086/178129}}

@article{1996AJ....112.2438H,
	Adsnote = {Provided by the SAO/NASA Astrophysics Data System},
	Adsurl = {http://adsabs.harvard.edu/abs/1996AJ....112.2438H},
	Author = {{Hamuy}, M. and {Phillips}, M.~M. and {Suntzeff}, N.~B. and {Schommer}, R.~A. and {Maza}, J. and {Smith}, R.~C. and {Lira}, P. and {Aviles}, R.},
	Doi = {10.1086/118193},
	Eprint = {arXiv:astro-ph/9609063},
	Journal = {\aj},
	Keywords = {STARS: FUNDAMENTAL PARAMETERS, SUPERNOVAE: GENERAL},
	Month = dec,
	Pages = {2438-+},
	Title = {{The Morphology of Type IA Supernovae Light Curves}},
	Volume = 112,
	Year = 1996,
	Bdsk-Url-1 = {http://dx.doi.org/10.1086/118193}}

@article{1996AJ....112.2398H,
	Adsnote = {Provided by the SAO/NASA Astrophysics Data System},
	Adsurl = {http://adsabs.harvard.edu/abs/1996AJ....112.2398H},
	Author = {{Hamuy}, M. and {Phillips}, M.~M. and {Suntzeff}, N.~B. and {Schommer}, R.~A. and {Maza}, J. and {Aviles}, R.},
	Doi = {10.1086/118191},
	Eprint = {arXiv:astro-ph/9609062},
	Journal = {\aj},
	Keywords = {SUPERNOVAE: GENERAL, STARS: DISTANCES, STARS: ABUNDANCES, SURVEYS},
	Month = dec,
	Pages = {2398-+},
	Title = {{The Hubble Diagram of the Calan/Tololo Type IA Supernovae and the Value of HO}},
	Volume = 112,
	Year = 1996,
	Bdsk-Url-1 = {http://dx.doi.org/10.1086/118191}}

@article{1996AJ....112.2391H,
	Adsnote = {Provided by the SAO/NASA Astrophysics Data System},
	Adsurl = {http://adsabs.harvard.edu/abs/1996AJ....112.2391H},
	Author = {{Hamuy}, M. and {Phillips}, M.~M. and {Suntzeff}, N.~B. and {Schommer}, R.~A. and {Maza}, J. and {Aviles}, R.},
	Doi = {10.1086/118190},
	Eprint = {arXiv:astro-ph/9609059},
	Journal = {\aj},
	Keywords = {SUPERNOVAE: GENERAL, SURVEYS, STARS: LUMINOSITY FUNCTION},
	Month = dec,
	Pages = {2391-+},
	Title = {{The Absolute Luminosities of the Calan/Tololo Type IA Supernovae}},
	Volume = 112,
	Year = 1996,
	Bdsk-Url-1 = {http://dx.doi.org/10.1086/118190}}

@article{1996A&AS..117..393B,
	Adsnote = {Provided by the SAO/NASA Astrophysics Data System},
	Adsurl = {http://adsabs.harvard.edu/abs/1996A%26AS..117..393B},
	Author = {{Bertin}, E. and {Arnouts}, S.},
	Journal = {\aaps},
	Keywords = {METHODS: DATA ANALYSIS, TECHNIQUES: IMAGE PROCESSING, GALAXIES: PHOTOMETRY},
	Month = jun,
	Pages = {393-404},
	Title = {{SExtractor: Software for source extraction.}},
	Volume = 117,
	Year = 1996}

@article{1996PASP..108..190K,
	Adsnote = {Provided by the SAO/NASA Astrophysics Data System},
	Adsurl = {http://adsabs.harvard.edu/abs/1996PASP..108..190K},
	Author = {{Kim}, A. and {Goobar}, A. and {Perlmutter}, S.},
	Doi = {10.1086/133709},
	Eprint = {arXiv:astro-ph/9505024},
	Journal = {\pasp},
	Keywords = {SUPERNOVAE: GENERAL},
	Month = feb,
	Pages = {190-+},
	Title = {{A Generalized K Correction for Type IA Supernovae: Comparing R-band Photometry beyond z=0.2 with B, V, and R-band Nearby Photometry}},
	Volume = 108,
	Year = 1996,
	Bdsk-Url-1 = {http://dx.doi.org/10.1086/133709}}

@article{1995AJ....109....1H,
	Adsnote = {Provided by the SAO/NASA Astrophysics Data System},
	Adsurl = {http://adsabs.harvard.edu/abs/1995AJ....109....1H},
	Author = {{Hamuy}, M. and {Phillips}, M.~M. and {Maza}, J. and {Suntzeff}, N.~B. and {Schommer}, R.~A. and {Aviles}, R.},
	Doi = {10.1086/117251},
	Journal = {\aj},
	Keywords = {HUBBLE DIAGRAM, LIGHT CURVE, SUPERNOVAE, ASTRONOMICAL PHOTOMETRY, ASTRONOMICAL SPECTROSCOPY, CHARGE COUPLED DEVICES, DISTANCE, LIGHT SCATTERING, STELLAR LUMINOSITY},
	Month = jan,
	Pages = {1-13},
	Title = {{A Hubble diagram of distant type IA supernovae}},
	Volume = 109,
	Year = 1995,
	Bdsk-Url-1 = {http://dx.doi.org/10.1086/117251}}

@article{1992AJ....104..340L,
	Adsnote = {Provided by the SAO/NASA Astrophysics Data System},
	Adsurl = {http://adsabs.harvard.edu/abs/1992AJ....104..340L},
	Author = {{Landolt}, A.~U.},
	Doi = {10.1086/116242},
	Journal = {\aj},
	Keywords = {EQUATORS, STELLAR COLOR, STELLAR MAGNITUDE, STELLAR SPECTROPHOTOMETRY, UBV SPECTRA, ASTRONOMICAL CATALOGS, COLOR-COLOR DIAGRAM, COLOR-MAGNITUDE DIAGRAM, PHOTOGRAPHIC PLATES},
	Month = jul,
	Pages = {340-371},
	Title = {{UBVRI photometric standard stars in the magnitude range 11.5-16.0 around the celestial equator}},
	Volume = 104,
	Year = 1992,
	Bdsk-Url-1 = {http://dx.doi.org/10.1086/116242}}

@article{1990PASP..102..932S,
	Adsnote = {Provided by the SAO/NASA Astrophysics Data System},
	Adsurl = {http://adsabs.harvard.edu/abs/1990PASP..102..932S},
	Author = {{Stetson}, P.~B.},
	Doi = {10.1086/132719},
	Journal = {\pasp},
	Keywords = {ASTRONOMICAL PHOTOMETRY, CALIBRATING, CHARGE COUPLED DEVICES, COMPUTER PROGRAMS, STELLAR SPECTROPHOTOMETRY, APERTURES, DATA PROCESSING, STAR CLUSTERS},
	Month = aug,
	Pages = {932-948},
	Title = {{On the growth-curve method for calibrating stellar photometry with CCDs}},
	Volume = 102,
	Year = 1990,
	Bdsk-Url-1 = {http://dx.doi.org/10.1086/132719}}

@article{1989ApJ...345..245C,
	Adsnote = {Provided by the SAO/NASA Astrophysics Data System},
	Adsurl = {http://adsabs.harvard.edu/abs/1989ApJ...345..245C},
	Author = {{Cardelli}, J.~A. and {Clayton}, G.~C. and {Mathis}, J.~S.},
	Doi = {10.1086/167900},
	Journal = {\apj},
	Keywords = {INFRARED SPECTRA, INTERSTELLAR EXTINCTION, ULTRAVIOLET SPECTRA, VISIBLE SPECTRUM, COMPUTATIONAL ASTROPHYSICS, INTERSTELLAR MATTER, IUE},
	Month = oct,
	Pages = {245-256},
	Title = {{The relationship between infrared, optical, and ultraviolet extinction}},
	Volume = 345,
	Year = 1989,
	Bdsk-Url-1 = {http://dx.doi.org/10.1086/167900}}

@article{1985ApJ...296..379E,
	Adsnote = {Provided by the SAO/NASA Astrophysics Data System},
	Adsurl = {http://adsabs.harvard.edu/abs/1985ApJ...296..379E},
	Author = {{Elias}, J.~H. and {Matthews}, K. and {Neugebauer}, G. and {Persson}, S.~E.},
	Doi = {10.1086/163456},
	Journal = {\apj},
	Keywords = {ASTROMETRY, DISTANCE, INFRARED SPECTRA, STELLAR SPECTROPHOTOMETRY, SUPERNOVAE, ABSORPTION SPECTRA, COSMOLOGY, GALACTIC STRUCTURE, LIGHT CURVE, STELLAR COLOR, STELLAR MAGNITUDE},
	Month = sep,
	Pages = {379-389},
	Title = {{Type I supernovae in the infrared and their use as distance indicators}},
	Volume = 296,
	Year = 1985,
	Bdsk-Url-1 = {http://dx.doi.org/10.1086/163456}}

@article{1982AJ.....87.1029E,
	Adsnote = {Provided by the SAO/NASA Astrophysics Data System},
	Adsurl = {http://adsabs.harvard.edu/abs/1982AJ.....87.1029E},
	Author = {{Elias}, J.~H. and {Frogel}, J.~A. and {Matthews}, K. and {Neugebauer}, G.},
	Doi = {10.1086/113185},
	Journal = {\aj},
	Keywords = {ASTRONOMICAL PHOTOMETRY, INFRARED STARS, REFERENCE STARS, STELLAR MAGNITUDE, INFRARED ASTRONOMY, MOLECULAR ABSORPTION, NEAR INFRARED RADIATION, STANDARDS, STELLAR COLOR},
	Month = jul,
	Pages = {1029-1034},
	Title = {{Infrared standard stars}},
	Volume = 87,
	Year = 1982,
	Bdsk-Url-1 = {http://dx.doi.org/10.1086/113185}}

@article{1982ApJ...253..575M,
	Adsnote = {Provided by the SAO/NASA Astrophysics Data System},
	Adsurl = {http://adsabs.harvard.edu/abs/1982ApJ...253..575M},
	Author = {{Madore}, B.~F.},
	Doi = {10.1086/159659},
	Journal = {\apj},
	Keywords = {CEPHEID VARIABLES, INTERSTELLAR EXTINCTION, MAGELLANIC CLOUDS, PERIODIC VARIATIONS, STELLAR LUMINOSITY, STELLAR SPECTROPHOTOMETRY, STELLAR OSCILLATIONS, UBV SPECTRA, VISIBLE SPECTRUM},
	Month = feb,
	Pages = {575-579},
	Title = {{The period-luminosity relation. IV - Intrinsic relations and reddenings for the Large Magellanic Cloud Cepheids}},
	Volume = 253,
	Year = 1982,
	Bdsk-Url-1 = {http://dx.doi.org/10.1086/159659}}

@mastersthesis{1996MsT..........3L,
	Adsnote = {Provided by the SAO/NASA Astrophysics Data System},
	Adsurl = {http://adsabs.harvard.edu/abs/1996MsT..........3L},
	Author = {{Lira}, P.},
	School = {MS thesis.~Univ.~Chile (1996)},
	Title = {{Light curves of the supernovae 1990N and 1990T}},
	Year = 1996}
i     
@article{Burns2011,
     author={Christopher R. Burns and Maximilian Stritzinger and M. M. Phillips and ShiAnne Kattner and S. E. Persson and Barry F.
        Madore and Wendy L. Freedman and Luis Boldt and Abdo Campillay and Carlos Contreras and Gaston Folatelli and Sergio
           Gonzalez and Wojtek Krzeminski and Nidia Morrell and Francisco Salgado and Nicholas B. Suntzeff},
     title={The Carnegie Supernova Project: Light-curve Fitting with SNooPy},
     journal={The Astronomical Journal},
     volume={141},
     number={1},
     pages={19},
     url={http://stacks.iop.org/1538-3881/141/i=1/a=19},
     year={2011},
}

